4967 5934
2468 528 2898 658 -1ss·'

852 789 867 805 ι
973 821 1231 894 bantur
1293 834 1526 901 autem
1589 820 1974 918 interreges
2041 819 2175 892 viri
2239 817 2624 896 honoribus
2691 843 2949 917 genere
2990 822 3226 892 aetate
3275 820 3765 922 spectat'msimi
3828 817 3907 924 1).
4010 823 4267 925 Auspi-

973 954 1132 1012 cato
1185 963 1603 1049 quamquam
1629 929 1808 1012 sine
1859 920 2192 1036 suffragio
2245 937 2478 1038 populi
2529 937 3007 1037 prodebantur
3042 936 3131 1038 2).
3234 939 3351 1010 Ad
3402 965 3619 1010 unum
3670 923 3855 1014 hune
3895 942 4267 1041 magistra·

971 1071 1121 1130 tum
1172 1055 1426 1157 plebeii
1474 1049 1834 1166 nulnquam
1883 1056 2194 1150 admissi,
2255 1056 2378 1129 sed
2429 1056 2853 1155 interregem
2906 1068 2979 1128 et
3026 1057 3255 1158 ipsum
3305 1057 3675 1161 patu-icium
3726 1085 3881 1132 esse
3934 1075 4005 1132 et
4054 1087 4099 1132 a
4147 1087 4263 1162 pa·

969 1177 1172 1250 trinio
1225 1175 1426 1275 prodi
1475 1199 1762 1246 necesse
1815 1189 1966 1246 erat
2009 1173 2094 1276 ³).

1064 1307 1075 1319 '
1175 1294 1570 1405 Iptermgni
1635 1292 1964 1394 frequens
2036 1317 2250 1385 usus,
2335 1291 2500 1366 dum
2568 1295 2947 1367 certamina
3014 1294 3243 1368 inter
3262 1309 3495 1395 patres
3562 1309 3633 1367 et
3696 1295 3967 1395 plebem
4036 1314 4259 1372 erant.

967 1415 1142 1491 Post
1191 1396 1260 1483 i'd
1312 1427 1584 1514 tempus
1637 1411 1992 1512 paullatim
2057 1412 2284 1484 omitti
2351 1427 2602 1513 coepta
2666 1429 2831 1485 sunt
2880 1409 2968 1512 ⁴).
3092 1411 3537 1512 Quamquam
3600 1439 3849 1488 verum
3916 1441 4053 1488 non
4122 1433 4261 1512 est,

941 1504 1183 1632 ‘quod
1203 1529 1543 1604 Niebuhr.
1613 1558 1682 1631 p.
1733 1531 1890 1606 377
1959 1529 2238 1622 scribit,
2308 1529 2529 1602 tribus
2600 1545 2761 1604 ante
2812 1531 3227 1630 Dionysium
3281 1546 3356 1603 et
3402 1531 3683 1606 Livium
3750 1529 4037 1606 seculis
4054 1535 4263 1607 inter-

942 1675 1266 1769 “regnum
1319 1649 1582 1738 nullum
1630 1647 1876 1744 fuisse,
1927 1675 2070 1721 uno
2123 1663 2416 1750 excepto
2470 1647 2657 1749 quod
2709 1667 2995 1750 propter
3044 1649 3417 1722 tumultum
3466 1665 3539 1722 et
3582 1650 3822 1724 turbas
3856 1651 3930 1723 in
3964 1679 4261 1726 censum

899 1790 906 1800 ·
965 1771 1205 1842 venire
1269 1784 1413 1840 uon
1474 1769 1698 1869 possit
1761 1763 1982 1869 (quod
2047 1767 2178 1840 fuit
2242 1793 2424 1840 anno
2485 1793 2559 1840 ιι.
2614 1793 2679 1840 c.
2746 1763 2955 1868 701).
3074 1767 3258 1842 Nam
3324 1767 3459 1842 sub
3526 1767 3737 1842 finem
3803 1767 4061 1843 liberae
4128 1773 4261 1842 rei-

965 1887 1284 2000 publicae
1337 1888 1611 1988 saepius
1661 1887 2052 1985 interreges
2103 1885 2601 1987 prodebantur.
2720 1884 2887 1958 Plus
2957 1885 3172 1960 semel
3236 1885 3345 1958 bis
3410 1887 3637 1984 majus
3687 1865 4055 1990 imperium
4106 1915 4261 1992 per·

878 2010 895 2026 ⁹
964 2007 1255 2080 missum
1309 2005 1912 2079 senatusconsulto
1969 2004 2193 2097 facto,
2261 2002 2535 2077 videret
2598 2004 2947 2097 interrex,
3016 2031 3103 2077 ne
3172 2003 3341 2106 quid
3406 2005 3799 2108 respublica
3864 2005 4259 2082 detrimenti

967 2141 1266 2249 caperet.
1386 2124 1457 2195 A
1517 2123 1805 2196 Valerio
1875 2123 2133 2196 Flacco
2202 2123 2555 2221 interrege
2624 2120 2736 2194 lex
2799 2121 2978 2215 lata,
3046 2139 3126 2194 ut
3191 2150 3643 2224 quaecunque
3694 2125 3891 2198 Sulla
3956 2126 4259 2220 fecisset,

964 2261 1118 2322 rata
1169 2258 1402 2320 essent
1443 2240 1524 2344 ⁵).
1623 2245 1796 2314 Post
1845 2241 2080 2316 Sullae
2131 2257 2429 2314 mortem
2483 2268 2666 2313 anno
2718 2268 2787 2316 u.
2846 2268 2909 2313 c.
2964 2243 3117 2316 677
3168 2242 3477 2316 interrex
3527 2258 3681 2316 erat
3729 2244 4002 2345 Appius
4055 2245 4261 2319 Clau·

761 2357 782 2372 ⁶
827 2429 839 2438 ,
963 2361 1161 2454 dius,
1226 2387 1364 2462 quo
1429 2378 1740 2462 tempore
1813 2385 2026 2459 quum
2091 2361 2194 2434 Μ.
2249 2359 2589 2437 Aemilius
2641 2359 2949 2461 Lepidus
3016 2361 3349 2434 maximas
3418 2360 3659 2436 turbas
3727 2363 4099 2457 excitaret,
4166 2366 4255 2437 1..

892 2475 909 2488 “
961 2477 1356 2581 Philippus,
1425 2480 1630 2578 cujus
1682 2479 1905 2551 oratio
1959 2479 2030 2550 in
2086 2478 2515 2578 fragmentis
2548 2478 2857 2574 Sallusni
2910 2493 3175 2572 exstat,
3236 2481 3547 2575 censuit,
3600 2497 3679 2554 ut
3728 2482 4000 2584 Appius
4054 2483 4257 2556 Clau-

956 2598 1118 2672 dius
1169 2599 1477 2672 interrex
1530 2624 1691 2672 cum
1745 2595 1836 2691 Q.
1895 2597 2146 2670 Catulo
2197 2595 2615 2700 proconsule
2668 2613 2741 2669 et
2791 2598 3109 2691 caeteris,
3163 2597 3483 2698 quibus'
3460 2599 3827 2700 imperium
3872 2617 4047 2694 erat,
4098 2601 4255 2676 urbi

961 2707 1308 2822 praesidio
1361 2732 1617 2810 essent,
1671 2741 2090 2817 operamque
2143 2714 2412 2809 darent,
2465 2742 2553 2788 ne
2606 2715 2773 2818 quid
2828 2715 3225 2817 respublica
3276 2715 3667 2790 detrimenti
3718 2735 4023 2820 caperet.
4086 2722 4259 2794 Post

961 2836 1248 2943 biduum
1317 2863 1527 2936 quam
1579 2833 1866 2910 Clodius
1935 2835 2210 2908 occisus
2279 2850 2388 2906 est
2445 2829 2663 2935 (anno
2712 2861 2785 2908 u.
2841 2862 2905 2908 c.
2958 2833 3149 2935 701)
3218 2859 3331 2908 res
3384 2834 3475 2909 ad
3524 2836 4003 2936 interregnum
4066 2839 4255 2912 venit

962 2955 1324 3032 seditionis
1378 2971 1452 3028 et
1479 2953 1842 3029 turbarum
1871 2953 2180 3056 plenum,
2231 2951 2356 3026 sed
2405 2980 2493 3026 ex
2520 2953 2671 3055 ipsa
2704 2951 3067 3026 turbarum
3098 2954 3493 3028 narratione
3520 2971 3806 3057 apparet
3838 2955 3983 3030 fere
4015 2957 4255 3030 eadem

961 3076 1170 3148 etiam
1223 3091 1388 3148 tunc
1459 3075 1545 3147 de
1595 3076 1944 3172 interrege
1997 3089 2274 3148 servata
2323 3100 2478 3146 csse
2530 3088 2739 3174 atque
2788 3074 3074 3172 antiquo
3127 3089 3465 3173 tempore.
3560 3075 3747 3148 Nam
3798 3074 3961 3174 qnia
4010 3101 4255 3150 recens

843 3218 873 3291 ⁵·
961 3193 1244 3268 Milonis
1295 3194 1555 3268 invidia
1607 3209 1782 3289 erat,
1832 3168 2183 3296 Scipionis
2237 3208 2308 3266 et
2337 3193 2652 3295 Hypsaei
2684 3191 3020 3266 factiones
3068 3207 3315 3267 contra
3346 3191 3473 3290 jus
3522 3191 3991 3293 postulabant,
4045 3208 4121 3266 ut
4148 3193 4253 3268 M.

957 3312 1300 3386 Aemilius
1353 3312 1660 3415 Lepidus
1713 3315 2020 3388 interrex
2071 3312 2306 3386 statim
2356 3312 2445 3384 ad
2498 3311 2779 3386 comitia
2802 3309 3195 3384 consulum
3249 3309 3709 3386 creandorum
3762 3311 4254 3406 descenderet,

960 3418 1147 3532 quod
1199 3414 1412 3532 quum
1440 3429 1695 3507 facere
1745 3433 2000 3526 nollet,
2069 3433 2394 3535 quoniam
2447 3431 2733 3507 comitia
2783 3456 2825 3501 a
2872 3431 3100 3532 primo
3152 3431 3505 3528 interrege
3554 3430 3795 3506 baberi
3844 3429 4059 3504 moris
4112 3455 4253 3504 non

959 3566 1167 3645 esset,
1221 3549 1504 3624 domum
1557 3551 1712 3649 ejus
1739 3579 1866 3652 per
1917 3553 2220 3654 quinque
2253 3551 2635 3649 interregni
2680 3547 2825 3624 dies
2866 3575 3113 3624 omnes
3160 3547 3607 3641 obsederunt,
3656 3565 4013 3651 postremo
4030 3548 4259 3647 janua

959 3685 1352 3772 expugnata
1405 3669 1746 3770 imagines
1797 3671 2146 3770 majorum
2199 3669 2631 3769 dejecerunt,
2680 3667 2753 3742 vi
2808 3666 2989 3740 ultra
3018 3669 3433 3766 grassaturi,
3484 3667 3617 3740 nisi
3669 3667 3964 3741 Milonis
4003 3691 4251 3741 manus

959 3789 1478 3890 supervenisset
1507 3805 1578 3861 et
1627 3789 1779 3891 ipsa
1808 3791 2090 3866 comitia
2119 3789 2476 3891 postulans
2493 3817 2517 3884 3
2574 3786 2792 3862 sedin
2827 3813 2903 3858 se
2938 3787 3127 3885 ipsae
3178 3783 3345 3860 dum
3376 3798 3881 3858 convertuntur
3911 3783 4253 3856 factiones

957 3907 1306 4001 inimicae,
1357 3909 1782 4008 oppugnatio
1837 3909 2084 3981 domus
2139 3908 2395 3980 omissa
2447 3923 2569 3980 est
2591 3902 2674 4004 ⁶).
2731 3903 3033 3978 Senatus
3087 3904 3420 3998 decrevit,
3470 3919 3555 3976 ut
3602 3929 3763 3976 cum
3794 3903 4145 4002 interrege
4180 3919 4243 3976 et

957 4026 1256 4099 tribunis
1275 4023 1526 4129 plebis
1578 4027 1956 4130 Pompejus
1990 4025 2188 4099 daret
2239 4049 2545 4128 operam,
2598 4049 2685 4096 ne
2730 4021 2896 4124 quid
2948 4021 3347 4124 respublica
3397 4022 3791 4095 detrimenti
3844 4037 4123 4123 caperet
4156 4021 4237 4158 71.

1161 4147 1430 4224 Decem
1477 4147 1680 4218 annis
1732 4161 1894 4246 post
1943 4171 2156 4245 quum
2206 4142 2474 4244 pr'oelio’
2512 4140 2896 4218 Mutinensi
2948 4159 3237 4242 uterque
3292 4141 3537 4236 consul
3589 4137 3985 4234 occidisset,
4037 4141 4243 4217 comi-

959 4263 1072 4338 tiis
1123 4263 1456 4336 habendis
1511 4289 1652 4351 non
1703 4266 2089 4378 interreges
2142 4263 2264 4336 sed
2314 4232 2779 4364 proconsuses
2817 4262 3035 4334 creati
3088 4276 3252 4335 sunt
3289 4261 3377 4360 8).

1097 4430 1248 4498 1)V.
1284 4431 1502 4500 Dionys.
1533 4430 1644 4484 xl:
1661 4433 1747 4494 20.
1779 4427 2118 4505 ωέπτηδ
2119 4426 2801 4488 ιοτατονῐλέεωτςτόν
2844 4427 3084 4484 πολιτῶν.
3132 4431 3207 4484 ld.
3241 4429 3375 4484 vm.
3426 4429 3499 4568 00ι
3544 4429 3761 4482 ἑλέσθαι
3788 4423 3916 4486 τοὺς
3946 4423 4237 4498 woefflin-oi·
4345 4442 4360 4454 ·

989 4531 1148 4574 oves
1119 4517 1274 4566 navt
1239 4511 1585 4585 τιμιωτάτους
1618 4509 1790 4587 ἄνδρα
1793 4533 1834 4574 ς.
2007 4517 2098 4591 ,2)
2134 4517 2196 4570 V.
2231 4517 2330 4569 Liv
2295 4531 2346 4569 v.
2379 4516 2468 4568 vl:
2504 4514 2590 4570 fl.
2798 4515 2859 4581 3)
2892 4515 2969 4568 ve
2974 4515 3069 4567 rba
3034 4529 3197 4568 naun
3168 4524 3225 4567 nt
3260 4515 3351 4568 Cic
3354 4529 3479 4570 eonr
3500 4529 3654 4584 apro
3691 4516 3838 4569 domo
3874 4531 3917 4570 c.
3954 4514 4037 4568 14.

1093 4599 1151 4668 1>
1185 4599 1329 4654 Hanc
1363 4603 1524 4670 ipsam
1559 4615 1794 4666 caussam
1829 4617 1958 4660 essa
1984 4602 2324 4672 appareurit
2361 4616 2511 4669 quam
2548 4598 2745 4669 plebeji
2776 4601 2847 4654 ad
2882 4600 3019 4652 hanc
3050 4601 3291 4662 honorem
3332 4615 3429 4654 non
3466 4601 3816 4670 pervenerint.

1095 4687 1152 4752 5)
1168 4684 1250 4761 y.
1286 4684 1396 4740 Cic.
1427 4689 1612 4753 Agr-ar.
1647 4685 1732 4742 111.
1769 4704 1814 4744 ο.
1849 4689 1905 4742 2.
2087 4687 2147 4751 6)
2160 4671 2364 4740 Ancon.
2399 4687 2452 4740 in
2488 4683 2597 4740 Mu.
2632 4683 2752 4741 XV.
2786 4683 2885 4740 mo
2922 4682 3068 4743 Cass.
3104 4683 3219 4740 xl..
3254 4683 3343 4738 4⁹.
3522 4685 3579 4750 7)
3614 4685 3801 4740 Ancon.
3836 4683 3891 4738 in
3926 4681 4037 4742 uu,
4074 4674 4235 4736 XXV.

1093 4771 1152 4836 a)
1185 4767 1284 4823 mo
1319 4769 1466 4826 cass.
1495 4771 1684 4827 xcvi.
1719 4774 1807 4854 45,
