4967 5934
2479 513 2535 612 4

861 774 994 846 nisi
1045 774 1374 846 attentius
1425 771 1682 873 legeris
1697 823 1722 868 ‚
1776 773 2119 876 duplicem
2184 774 2823 874 interpretationem
2876 775 3243 856 admittere
3308 777 3715 884 videantur3
3777 777 4140 885 ambigere

859 893 1042 965 enim
1095 893 1249 992 quis
1301 893 1545 994 possit,
1597 907 1834 966 utrum
1888 892 2153 987 decem,
2206 919 2380 993 quos
2431 894 2864 994 imperitasse
2916 894 3107 990 dicit,
3140 897 3563 996 intelligatur
3592 900 3896 997 decuria,
3930 929 4139 1004 quam
4249 915 4260 926 “

857 1011 956 1083 ita
984 1011 1361 1112 imperasse
1391 1011 1645 1106 tradat,
1697 1028 1777 1085 ut
1806 1039 2058 1085 nomen
2089 1029 2160 1090 ct
2191 1013 2493 1110 insignia
2521 1013 2891 1110 interregis
2943 1041 3155 1114 penes
3208 1044 3425 1090 unum
3458 1019 3739 1114 fuerint,
3772 1049 3861 1094 an
3898 1021 4139 1095 decem

858 1131 1248 1229 interreges
1315 1135 1402 1202 e'x
1471 1130 1764 1229 singulis
1833 1131 2132 1204 decuriis
2187 1131 2425 1204 creati.
2532 1130 2819 1202 Falsum
2871 1157 3063 1226 esse,
3134 1135 3320 1234 quod
3387 1135 3619 1239 priore
3684 1139 3841 1214 loeo
3909 1143 4137 1242 posui,

861 1249 1239 1322 ostendunt
1289 1248 1504 1322 verba
1554 1250 2060 1350 praecedentia,
2114 1249 2362 1350 quibus
2417 1276 2556 1321 non
2613 1250 2935 1322 decuriae
2988 1253 3110 1324 sed
3164 1253 3403 1328 decem
3457 1257 3530 1328 in
3582 1257 3891 1358 singulas
3932 1258 4139 1333 decu·

858 1369 998 1440 rias
1051 1369 1264 1440 creati
1315 1394 1626 1441 summae
1680 1396 1913 1442 rerum
1965 1369 2345 1470 praefuisse
2396 1367 2746 1442 dicuntur.
2819 1371 3141 1469 Dionysii
3193 1373 3403 1448 1..11.
3462 1401 3523 1450 c.
3578 1379 3682 1450 57
3718 1375 3887 1449 hacc
3920 1377 4139 1451 verba

859 1510 1062 1568 sunt:
1117 1501 1226 1592 Τῷ·
1265 1497 1454 1584 δ’ἑέἢς
1495 1499 1747 1586 ἐνιαυτῷ
1785 1495 2082 1584 βασιλεδς
2137 1501 2252 1580 μὲν
2306 1499 2490 1574 οὐδεὶς
2546 1499 2904 1586 άπεδείχθη
2962 1501 3299 1583 Ῥωμαίων,
3352 1499 3523 1591 α’ρχῆ
3579 1509 3647 1572 δέ
3712 1531 3839 1586 τις,
3898 1500 3972 1593 ἣν
4026 1533 4133 1574 κα·

855 1611 1026 1679 λοΰσι
1065 1603 1570 1693 μεσοβασίλειον,
1637 1615 1996 1692 ἐπεμελεῖτο
2040 1609 2156 1674 τῶν
2213 1612 2418 1675 κοινῶν
2435 1655 2454 1685 ,
2498 1608 2737 1707 τοιόνδε.
2776 1608 2916 1677 τινά
2956 1610 3179 1697 τρόπον
3219 1609 3689 1699 ἀποδεικνυμένη
3702 1637 3719 1654 ·
3762 1616 3881 1680 τάἲν
3920 1637 4135 1702 τατρι·

854 1722 996 1780 κίων
1035 1717 1100 1780 οἱ
1130 1719 1634 1798 καταγραφέντες
1677 1717 1760 1785 εἰς
1801 1709 1912 1796 τήν
1949 1709 2184 1798 βουλήν
2227 1710 2342 1776 ὑπό
2383 1711 2693 1792 Ῥωμύλου
2736 1711 3019 1779 διακόσιοι
3061 1710 3165 1778 τδν
3200 1709 3469 1799 άριθμδν
3500 1707 3685 1791 ὄντες,
3728 1709 3923 1802 ὥςπερ
3952 1717 4135 1804 ἔφην,

855 1813 1306 1902 διενεμήθησαν
1347 1819 1429 1888 είς
1469 1813 1748 1886 δεκάδας·
1790 1814 2008 1880 ἔπειτα
2049 1814 2600 1900 διακληρωσάμενοι
2656 1823 2778 1887 τοῖς
2830 1815 3097 1896 λαχοῦσι
3142 1818 3287 1880 δέκα
3344 1814 3601 1902 πρώτοις
3658 1815 3974 1884 α’·τέδωκαν
4011 1813 4132 1907 οἴρ-

853 1943 998 2004 χειν
1035 1920 1144 2004 τῆς
1199 1915 1432 1990 πόλεως
1488 1914 1599 2003 τήν
1653 1913 2069 2002 αὐτοκράτορα
2113 1913 2336 2002 α’ρχῆν.
2423 1915 2683 1982 Ἐκεῖνοι
2742 1915 2913 1998 δὀὐκ
2970 1909 3103 1998 ἅμα
3146 1915 3373 1992 πάντες
3416 1921 3812 2002 ἐβασίλευον,
3872 1919 4019 1990 ἄλλ’
4062 1927 4132 1988 ἐκ

853 2021 1137 2106 διαδοχῆς
1176 2019 1404 2106 ἡμέρας
1429 2027 1612 2084 πέντε
1653 2019 1926 2094 ἕκαστος,
1959 2024 2024 2082 ἐν
2067 2013 2160 2091 αἶς
2203 2016 2312 2090 τάς
2351 2043 2424 2084 τε
2465 2015 2723 2104 ῥάβδους
2766 2015 2903 2100 εἶχε
2937 2021 3043 2084 καὶ
3083 2017 3165 2084 τά
3199 2018 3388 2086 λοιπά
3430 2021 3537 2108 τῆς
3590 2026 3917 2108 βασιλικῆς
3968 2024 4133 2101 &fov-

855 2130 989 2196 σίας
1031 2120 1344 2206 σύμβολα.
1435 2123 1771 2218 Παρεδίδου
1826 2121 1878 2185 δ’
1917 2121 1950 2187 ο“
2009 2121 2240 2207 πρῶτος
2283 2113 2472 2207 άρξας
2514 2123 2601 2207 τῷ
2640 2124 2893 2208 δευτέρῳ
2934 2119 3047 2208 τήν
3090 2121 3438 2209 ἠγεμονίαν,
3493 2123 3766 2198 κάκεῖνος
3807 2127 3893 2211 τῷ·
3931 2134 4131 2214 τρίτῳ,

853 2229 960 2292 καὶ
999 2224 1162 2291 τοῦτ’
1205 2230 1442 2302 ἐγένετο
1485 2231 1673 2310 μέχρι
1744 2225 1852 2289 roi:
1891 2227 2280 2290 τελευταίου·
2337 2223 2774 2311 διεξελθούσης
2831 2227 2897 2290 δὲ
2951 2233 3075 2298 τοῖς
3130 2222 3389 2312 πράτοις
3446 2228 3590 2292 δέκα
3648 2227 3981 2309 βασιλεῦσι
4024 2231 4134 2316 τῆς

851 2327 1426 2414 πεντηκονθημέρου
1466 2329 1852 2413 προθεσμίας
1893 2329 2086 2412 ἕτεροι
2143 2329 2290 2390 δέκα
2329 2321 2440 2412 τήν
2500 2325 2702 2414 άρχήν
2744 2326 3226 2414 παρελάμβανον
3240 2373 3261 2405 ,
3318 2329 3425 2393 καὶ
3476 2327 3623 2415 παρ’
3664 2335 3903 2396 ἐκείνων
3942 2321 4133 2406 αὖθις

856 2443 1060 2514 ἄλλοι.
1149 2442 1468 2542 Dionysii
1520 2441 1737 2540 igitur
1789 2444 2130 2514 sententia
2181 2456 2330 2534 est,
2383 2456 2701 2514 senatum
2752 2441 3211 2516 ducentorum
3264 2458 3540 2542 patrum
3592 2444 3664 2515 in
3714 2444 3967 2544 viginti
4019 2442 4133 2518 dc·

855 2561 1086 2634 curias
1143 2561 1566 2661 descriptum
1622 2561 1876 2656 fuisse3
1931 2588 2072 2634 non
2128 2559 2439 2658 singulos
2494 2560 2565 2632 in
2619 2559 2929 2659 singulas
2984 2560 3303 2633 decurias
3357 2578 3656 2655 creatos,
3710 2561 3839 2636 scd
3888 2587 4130 2637 omnes

855 2696 1212 2753 senatores
1265 2678 1354 2752 ad
1407 2681 1883 2778 interregnum
1952 2681 2370 2771 accessisse,
2439 2678 2626 2777 quod
2692 2707 2819 2780 per
2868 2705 3109 2753 omnes
3162 2681 3259 2752 ita
3310 2681 3381 2751 in
3436 2679 3678 2752 orbem
3730 2683 3983 2776 ivisse,
4050 2697 4133 2756 ut

855 2798 1176 2874 decuriae
1229 2798 1543 2898 singulae
1597 2801 2097 2900 quinquaginta
2149 2799 2454 2890 dierum,
2518 2796 2775 2896 singuli
2844 2827 2930 2871 ex
2979 2798 3279 2872 decuriis
3332 2799 3635 2900 quinque
3686 2799 3955 2874 dicrum
4006 2801 4133 2874 im·

854 2921 1048 3020 perio
1114 2919 1523 3020 potirentur.
1633 2919 1834 3014 Quae
1901 2920 2078 2991 ratio
2148 2936 2227 2992 ut
2291 2917 2597 3018 apertior
2658 2943 2865 3017 quam
2914 2919 3211 2992 Liviana
3276 2919 3373 2991 ita
3438 2945 3685 3020 parum
3752 2918 4129 3020 probabilis

857 3055 984 3110 est.
1093 3039 1318 3136 Cujus
1371 3037 1566 3137 quasi
1623 3038 2146 3110 fundamentum
2200 3054 2329 3130 est,
2381 3036 2568 3136 quod
2620 3053 2955 3136 aequatur
3006 3037 3309 3136 dignitas
3342 3053 3414 3109 ct
3453 3039 3679 3109 honor
3703 3057 4131 3134 senatorum,

855 3157 976 3256 qui
1029 3173 1216 3230 sorte
1271 3155 1459 3228 ducti
1512 3155 1836 3258 deinceps
1890 3184 2130 3230 omnes
2194 3155 2380 3228 nulla
2445 3156 2693 3228 aetatis
2744 3156 3021 3255 generis
3090 3156 3369 3230 virtutis
3434 3157 3705 3229 ratione
3765 3156 4003 3230 habita
4040 3157 4131 3230 ad

853 3275 1221 3376 imperium
1284 3275 1645 3349 accedunt.
1749 3275 1908 3350 Hoc
1963 3278 2032 3349 in
2083 3279 2400 3352 Romana
2451 3276 2729 3348 civitate
2782 3276 3043 3348 factum
3095 3275 3397 3375 putabiS,
3436 3301 3615 3375 quae
3642 3301 3917 3378 semper
3944 3276 4131 3378 prin·

857 3395 1086 3496 cipum
1141 3395 1430 3494 imperio
1481 3394 1756 3467 addicta
1806 3394 1984 3466 fuit?
2045 3395 2226 3472 Nam
2281 3421 2366 3467 ne
2416 3411 2697 3496 postero
2752 3394 3029 3494 quidem
3082 3410 3417 3494 tempore,
3466 3419 3606 3492 quo
3640 3421 3725 3466 ea
3772 3410 3961 3468 esset
4003 3396 4129 3468 im·

855 3515 1030 3616 perii
1081 3512 1330 3605 forma,
1383 3539 1522 3613 qua
1573 3541 1698 3614 per
1746 3515 2076 3615 populum
2131 3541 2400 3588 summa
2451 3541 2688 3587 rerum
2740 3530 3129 3613 gereretur,
3182 3528 3463 3584 senatus
3491 3539 3797 3614 unquam
3832 3539 4129 3614 aequan-

853 3633 982 3706 dae
1045 3634 1464 3732 dignationis
1531 3632 1882 3706 studiosus
1947 3650 2117 3707 erat.
2223 3633 2523 3708 Accedit
2586 3633 2721 3706 alia
2786 3657 3073 3724 caussa,
3142 3655 3321 3730 quae
3394 3633 3715 3730 Dionysii
3784 3632 4126 3704 rationem

853 3779 1100 3854 parum
1165 3750 1591 3852 probabilem
1655 3778 1808 3824 esse
1876 3753 2324 3826 demonstrat.
2427 3754 2613 3828 Nam
2680 3753 2741 3824 si
2808 3751 3269 3824 ducentorum
3336 3765 3735 3822 senatorum
3798 3747 4125 3851 deinceps

853 3897 982 3973 per
1030 3873 1276 3972 quinos
1328 3871 1474 3943 dies
1525 3872 2006 3971 interregnum
2059 3873 2271 3949 fuisse
2323 3875 2564 3964 sumis,
2616 3873 2829 3944 trium
2879 3894 3223 3944 annorum
3274 3868 3575 3970 spatium
3627 3865 3953 3962 efficitur,
3986 3893 4126 3968 quo

855 3991 1047 4066 orbis
1113 4019 1240 4093 per
1305 4017 1544 4064 omnes
1596 3992 1821 4070 iverit.
1929 3993 2129 4088 Quae
2195 3993 2462 4094 imperii
2515 3991 2933 4064 diuturnitas
2986 4013 3232 4090 parum
3282 3989 3611 4062 convenit
3660 3986 4127 4086 magistratui,

857 4111 976 4212 qui
1042 4111 1129 4184 ad
1179 4109 1394 4184 breve
1459 4127 1732 4212 tempus
1797 4113 1978 4184 sumi
2044 4110 2333 4186 solebat.
2435 4111 2681 4212 Neque
2733 4109 2804 4182 id
2854 4111 2953 4182 ita
3002 4108 3318 4182 excusari
3368 4122 3637 4209 potest,
3698 4123 3779 4180 ut
3842 4107 4124 4180 minime

857 4232 1322 4304 necessarium
1377 4230 1590 4302 fuisse
1642 4230 1873 4324 diem,
1925 4256 2222 4332 regnum
2275 4230 2360 4303 ad
2409 4230 2667 4302 multos
2718 4229 3109 4332 pervenire,
3160 4225 3347 4328 quod
3398 4226 3666 4299 etiamsi
3721 4225 3905 4297 intra
3960 4249 4125 4324 pau·

749 4372 761 4385 ·
859 4350 1174 4424 cissimos
1227 4350 1634 4488 plerumque
1685 4351 1992 4444 steterit,
2061 4366 2290 4422 tamen
2343 4350 2528 4449 quod
2580 4365 2771 4423 sorte
2822 4349 3243 4423 ducerentur
3290 4371 3587 4447 aequum
3629 4345 3755 4442 jus
3808 4343 4121 4416 omnium

860 4470 1097 4544 fuisse.
1201 4471 1384 4542 Nam
1435 4471 1663 4570 ipsum
1715 4470 2128 4570 Dionysium
2197 4469 2282 4542 de
2347 4468 2557 4562 orbe,
2626 4470 2745 4569 qui
2810 4495 2939 4569 per
3002 4493 3243 4544 omnes
3308 4467 3551 4558 iverit,
3621 4465 3969 4563 cogitasse
4038 4487 4123 4536 ex

838 4588 1092 4663 &erbis
1145 4591 1298 4688 ejus
1351 4605 1657 4690 apparet,
1711 4591 1826 4689 qui
1881 4601 2196 4661 senatum
2247 4589 2547 4688 primum
2598 4588 2671 4660 in
2724 4587 3041 4660 decurias
3092 4584 3303 4660 dividi
3356 4585 3635 4658 solitum
3666 4608 3822 4656 esse
3856 4580 4125 4674 scribit,

828 4709 984 4789 has
1035 4709 1282 4784 deinde
1335 4725 1520 4781 sorte
1571 4709 1814 4782 ductas
1869 4733 1950 4782 ea
2001 4707 2158 4808 lege
2207 4709 2499 4812 imperio
2550 4705 2805 4810 potitas
2858 4731 3040 4800 esse,
3094 4721 3173 4778 ut
3220 4721 3385 4808 post
3418 4707 3941 4808 quinquagenos
3972 4700 4119 4774 dies
