4967 5934
817 1903 1361 2039 Antiquissimo
1415 1935 1716 2010 civitatis
1769 1937 2125 2010 Romanae
2177 1952 2491 2038 tempore
2510 1985 2534 2031 ‚
2602 1960 2738 2036 quo
2792 1959 2999 2034 reges
3054 1960 3097 2006 a
3148 1948 3395 2035 senatu
3448 1949 3521 2006 et
3571 1935 3825 2036 populo
3880 1935 4099 2008 creati

813 2057 1182 2158 imperium
1237 2055 1668 2150 obtinebant,
1721 2055 1840 2128 ubi
1893 2083 2018 2129 rex
2071 2055 2509 2150 decessisset,
2574 2055 2959 2154 interreges
3014 2052 3227 2126 fuisse
3280 2069 3593 2148 constat,
3657 2055 3776 2156 qui
3827 2081 4103 2156 rempu-

813 2175 1068 2250 blicam
1122 2175 1686 2250 administrarent
1753 2191 1824 2248 et
1875 2176 2172 2248 comitiis
2226 2201 2410 2250 novo
2465 2175 2617 2274 regi
2668 2172 2971 2248 creando
3019 2188 3462 2274 praeessent,
3530 2173 3658 2247 sed
3726 2173 3814 2246 de
3866 2173 4101 2268 modo,

817 2321 957 2396 quo
1009 2296 1143 2395 ipsi
1195 2295 1410 2368 creati
1463 2295 1627 2389 sint,
1681 2295 1766 2366 de
1819 2321 2110 2368 numero
2165 2321 2408 2368 eorum
2461 2309 2533 2365 et
2584 2293 2667 2368 de
2720 2309 3055 2394 tempore,
3110 2318 3251 2392 quo
3304 2292 3673 2392 imperium
3706 2319 3917 2394 penes
3968 2295 4104 2368 sin-

815 2413 1024 2514 gulos
1077 2413 1314 2507 fuerit,
1366 2413 1839 2488 diversissima
1891 2414 2262 2488 traduntur
2311 2440 2354 2486 a
2381 2411 2607 2484 tribus
2651 2411 3052 2485 auctoribus
3086 2411 3291 2484 Livio
3332 2413 3673 2514 Dionysio
3698 2413 4100 2488 Plutarcho.

815 2534 1068 2607 Livius
1119 2533 1169 2604 l.
1221 2533 1282 2611 1.
1339 2559 1404 2608 c.
1466 2535 1590 2626 17,
1641 2548 2009 2632 postquam
2063 2533 2384 2634 exposuit
2431 2531 2730 2606 Romulo
2782 2547 3060 2608 mortuo
3114 2529 3537 2630 factionibus
3586 2532 3773 2604 inter
3821 2532 4103 2616 ordines

819 2666 1162 2726 certatum
1216 2677 1398 2744 esse,
1451 2651 1614 2751 quia
1668 2668 1738 2724 et
1787 2653 2086 2724 Romani
2137 2668 2411 2726 veteres
2464 2666 2537 2722 et
2594 2648 2866 2722 oriundi
2919 2675 2962 2720 a
3010 2648 3291 2725 Sabinis
3344 2653 3453 2727 sui
3514 2651 3829 2752 corporis
3882 2653 4106 2734 creari

818 2797 1062 2870 regem
1111 2769 1485 2863 voluerint,
1533 2771 1706 2842 baec
1761 2769 2078 2869 scripsit:
2135 2770 2448 2863 „Timor
2498 2767 2743 2842 deinde
2795 2783 3025 2869 patres
3080 2769 3389 2866 incessit,
3434 2796 3524 2843 ne
3576 2771 3931 2847 civitatem
3953 2772 4107 2844 sine

819 2889 1138 2990 imperio,
1195 2889 1575 2962 exercitum
1629 2889 1778 2961 sine
1848 2888 2024 2960 duce
2043 2937 2068 2982 ‚
2135 2887 2511 2962 multarum
2578 2887 2767 2961 circa
2834 2887 3242 2967 civitatium,
3284 2889 3573 2962 irritatis
3642 2890 3933 2984 animis,
4000 2889 4108 2964 vis

822 3007 1054 3107 aliqua
1119 3022 1399 3080 externa
1450 3007 1862 3084 adoriretur.
1969 3009 2070 3079 Et
2133 3034 2288 3080 esse
2343 3008 2561 3106 igitur
2612 3006 2889 3106 aliquod
2940 3023 3151 3108 caput
3214 3005 3571 3108 placebat,
3633 3024 3711 3084 et
3760 3035 3963 3082 nemo
4016 3008 4111 3082 al-

823 3127 958 3200 teri
1025 3125 1408 3199 concedere
1477 3127 1548 3198 in
1617 3128 1924 3202 animum
1977 3126 2372 3203 inducebat.
2478 3128 2612 3199 Ita
2675 3153 2847 3200 rem
2916 3127 3145 3200 inter
3210 3154 3299 3200 se
3366 3143 3705 3205 centum
3775 3145 4111 3228 patres,

825 3244 1114 3320 decem
1167 3245 1541 3318 decuriis
1595 3245 1892 3340 factis,
1945 3247 2489 3347 singulisque
2540 3248 2625 3318 in
2676 3245 3063 3345 singulas
3118 3246 3519 3323 decurias
3570 3247 3932 3339 creatis,
3966 3247 4113 3348 qui

827 3390 1197 3438 summae
1251 3390 1528 3436 rernm
1579 3380 2120 3464 praeessent,
2173 3367 2711 3446 consociant.
2810 3367 3125 3438 Decem
3178 3363 3837 3466 imperitabant,
3888 3393 4112 3453 unus
4231 3358 4242 3371 ’

830 3510 1016 3558 cum
1067 3483 1556 3581 insignibus
1623 3501 1706 3557 et
1755 3484 2208 3559 lictoribus
2277 3501 2505 3580 erat3
2560 3485 2931 3585 quinque
2999 3483 3325 3558 dierum
3396 3485 3688 3584 spatio
3744 3483 4115 3561 finieba-

829 3617 976 3678 tur
1041 3601 1543 3703 imperium‚
1611 3630 1702 3676 ac
1771 3630 1928 3704 per
1993 3629 2296 3676 omnes
2365 3605 2452 3678 in
2522 3603 2819 3678 orbem
2892 3602 3117 3698 ibat3
3172 3629 3617 3702 annuumque
3668 3601 4109 3678 intervallum

832 3723 1034 3821 regni
1089 3721 1240 3796 fuit.
1346 3721 1430 3794 ld
1483 3720 1570 3794 ab
1623 3749 1725 3816 re,
1781 3723 1966 3823 quod
2018 3749 2201 3796 nunc
2259 3750 2534 3823 quoque
2568 3739 2757 3796 tenet
2784 3749 3063 3815 nomen,
3092 3724 3573 3821 interregnum
3602 3721 4113 3824 appellatum.“

831 3841 916 3916 ln
970 3841 1078 3913 his
1133 3867 1440 3914 errorem
1495 3843 1718 3914 inesse
1771 3859 2089 3942 apertum
2141 3858 2290 3936 est3
2361 3858 2641 3916 centum
2692 3843 2877 3924 enim
2921 3857 3285 3919 senatores
3338 3825 3832 3935 recensentur,
3902 3869 4110 3944 quen

835 3987 1206 4036 numerum
1258 3959 1536 4034 Sabinis
1589 3961 1939 4058 adjunctis
1993 3960 2415 4062 duplicatum
2470 3963 2681 4036 fuisse
2735 3962 2903 4034 satis
2956 3977 3251 4034 constat.
3362 3962 3525 4057 Qua
3574 3962 3647 4034 in
3700 3989 3777 4034 re
3832 3949 4117 4036 Lirium

835 4093 1098 4152 temere
1149 4105 1192 4151 a
1243 4079 1701 4181 plurimorum
1755 4082 2098 4154 sententia
2150 4079 2550 4154 discessisse
2601 4107 2845 4182 parum
2898 4080 3273 4154 verisimile
3318 4097 3465 4176 est3
3521 4096 3642 4155 aut
3670 4079 3965 4154 multum
3995 4079 4119 4154 fal-

831 4197 1070 4290 limur,
1122 4213 1246 4271 aut
1297 4226 1533 4292 causa,
1589 4199 1677 4272 ob
1731 4224 1939 4300 quam
1993 4215 2308 4274 senatum
2362 4201 2641 4275 Sabinis
2694 4216 2977 4274 auctum
3030 4201 3305 4280 tradere
3358 4201 3683 4293 noluerit,
3733 4197 3903 4272 baec
3970 4199 4119 4300 ipsa

841 4316 1148 4418 putanda
1199 4332 1328 4416 est,
1385 4318 1572 4419 quod
1624 4320 2026 4419 interregno
2079 4336 2242 4420 post
2291 4321 2571 4394 Romuli
2623 4336 2917 4394 mortem
2971 4321 3153 4394 inito*
3196 4336 3479 4394 centum
3530 4333 3801 4392 tantum
3848 4333 4119 4394 senato-
4189 4342 4209 4364 ·
4283 4343 4308 4365 ·

845 4462 958 4509 res
1011 4434 1197 4536 apud
1247 4437 1600 4512 annalium
1653 4441 2028 4540 scriptores
2081 4441 2615 4516 commemorari
2662 4440 2952 4514 videret.
3059 4439 3269 4538 Quod
3336 4455 3688 4538 utcunque
3741 4453 3887 4530 est,
3950 4463 4121 4512 vern

841 4556 1227 4654 interregni
1281 4558 1459 4629 ratio
1509 4559 1604 4632 ita
1657 4575 1925 4633 tantum
1977 4585 2065 4632 ex
2114 4560 2300 4634 Livii
2349 4560 2585 4637 verbis
2636 4560 3043 4658 conjectura
3094 4559 3397 4661 expediri
3449 4559 3729 4659 Ρωθπῑ,
3782 4573 3860 4630 ut
3881 4557 4121 4677 origo}

841 4674 1026 4748 unde
1079 4701 1278 4748 error
1330 4675 1440 4749 ille
1493 4693 1700 4750 natus
1752 4679 1867 4770 sit,
1921 4679 2126 4752 simul
2177 4680 2549 4780 aperiatur.
2634 4677 3037 4754 Ceterum
3016 4707 3089 4752 m
3142 4679 3318 4782 ipsis·
3360 4677 3595 4752 verbis
3624 4677 3885 4770 innunt,
3917 4703 4123 4776 quae,
4199 4672 4208 4680 ¹
