4967 5934
2383 571 2438 644 9

773 815 1090 914 Dionysii
1140 813 1256 887 vel
1283 813 1472 884 Livii
1523 811 1682 882 loco
1731 833 2020 909 asperae
2071 805 2454 879 sententiae
2506 803 2841 879 adversus
2892 805 3163 906 plebem
3214 821 3467 879 auctor
3519 805 3730 879 l'uisse
3762 803 4055 893 dicatur,

771 934 1136 1035 plerosque
1189 930 1446 1000 acriter
1477 926 1660 1026 apud
1712 942 1944 1024 patres
1977 952 2106 1022 pro
2159 922 2360 1024 plebe
2391 923 2797 994 dimicantes
2848 923 3196 1017 videmus,
3248 949 3455 1025 quam
3512 923 3945 997 omnimodo
3986 939 4061 998 et

769 1047 1150 1124 mitissimis
1203 1042 1510 1116 consiliis
1551 1040 2054 1113 conciliandam
2103 1039 2428 1140 probant.
2492 1039 2813 1141 Agrippa
2838 1040 3236 1134 Menenius,
3284 1042 3627 1142 interpres
3677 1033 3791 1115 ille
3832 1058 3903 1114 et
3953 1069 4059 1115 ar-

771 1170 954 1244 biter
1001 1159 1416 1238 concordiae
1469 1159 1726 1232 civium
1771 1159 1962 1232 omni
2013 1157 2164 1229 vita
2210 1156 2472 1256 pariter
2498 1157 2811 1256 patribus
2864 1184 2945 1230 ac
2976 1157 3159 1259 plebi
3212 1183 3417 1232 carus
3470 1160 3605 1232 fuit
3647 1158 3725 1258 ¹).
3790 1161 3895 1232 Μ’
3916 1161 4061 1234 Va-

773 1288 982 1362 lerius
1035 1281 1342 1355 omnium
1375 1277 1672 1351 maxime
1721 1276 2072 1379 popularis
2111 1271 2553 1375 praedicatur
2578 1271 2667 1374 2).
2719 1273 3083 1369 Servilius,
3132 1277 3245 1349 vir
3272 1275 3541 1349 lenibus
3594 1275 3914 1350 remediis
3945 1305 4061 1382 ap-

773 1407 914 1481 tior
948 1401 1038 1501 ³),
1079 1426 1162 1473 eo
1215 1397 1399 1500 apud
1448 1395 1720 1498 plebem
1755 1395 1994 1468 favore
2043 1391 2364 1486 florebat,
2417 1407 2497 1465 ut
2546 1391 2727 1466 bello
2762 1391 3057 1466 feliciter
3106 1393 3429 1468 confecto
3458 1409 3691 1495 patres
3728 1395 4057 1497 triumphi

771 1524 1107 1598 honorem
1134 1520 1198 1592 ei
1231 1517 1680 1615 denegarent,
1713 1513 2092 1604 στασιαστὴν
2142 1513 2595 1589 ἀποκαλοῦντες
2634 1515 2741 1580 καὶ
2778 1520 3095 1590 πολιτείας
3134 1517 3401 1604 remp&
3438 1515 3703 1605 ἐραστήν
3731 1512 4057 1616 (Dionys.

771 1643 906 1715 vl.
959 1640 1119 1737 30),
1172 1661 1378 1734 quam
1433 1657 1752 1706 caussam
1805 1629 2018 1702 fuisse
2047 1629 2152 1702 M.
2206 1625 2535 1702 Valerius
2589 1626 2857 1699 senatui
2910 1625 3379 1728 exprobravit,
3434 1629 3621 1732 qnod
3670 1629 3865 1733 plebs
3918 1634 4061 1706 ani-

773 1785 964 1833 mum
1015 1751 1444 1855 despondere
1495 1767 1570 1824 et
1619 1749 1704 1822 de
1755 1747 2228 1821 incolumitate
2281 1771 2410 1819 sua
2437 1745 2619 1818 male
2654 1771 2933 1847 sperare
2968 1747 3314 1848 coepisset
3344 1745 3555 1850 (idem
3608 1777 3673 1822 c.
3726 1751 4055 1854 Lvffl.).

772 1874 862 1948 Τ.
915 1872 1240 1965 Larcius,
1281 1870 1494 1943 homo
1544 1867 1850 1970 prudens
1881 1883 1954 1941 et
2001 1881 2356 1958 suenuus,
2407 1863 2497 1937 ob
2550 1865 2845 1938 virtutes
2896 1879 2970 1938 et
3017 1864 3177 1938 belli
3231 1867 3527 1967 gloriam
3578 1871 3889 1942 omnium
3922 1870 4060 1972 pri·

775 2019 930 2066 mus
981 1991 1284 2064 dictator
1331 2003 1606 2061 creatus
1656 1984 1982 2089 (Dionys.
2036 1984 2134 2060 V.
2187 1983 2321 2083 71)
2372 1983 2471 2056 ita
2520 1982 2823 2056 liberalis
2877 1999 3065 2078 erat,
3116 2000 3200 2057 ut
3248 1986 3583 2061 seditione
3634 2005 3819 2062 orta·
3842 2015 4059 2090 quum

775 2111 888 2186 alii
939 2137 1098 2202 eos,
1163 2108 1284 2209 qui
1349 2105 1628 2192 Servilii
1694 2103 1998 2180 consulis
2065 2102 2274 2176 fidem
2341 2103 2565 2177 secuti
2630 2104 3083 2198 militassent,
3146 2132 3307 2179 acre
3372 2106 3597 2180 alieno
3662 2105 4057 2182 liberandos

775 2241 1180 2320 censerent,
1249 2252 1392 2300 non
1455 2224 1528 2299 id
1594 2241 1866 2328 tempus
1919 2251 2078 2298 esse
2147 2222 2449 2316 diceret,
2518 2237 2599 2296 nt
2657 2225 2908 2298 merita
2959 2223 3439 2298 tantummodo
3489 2225 4051 2301 exsolverentur:

775 2363 992 2422 totam
1043 2345 1312 2447 plebem
1365 2372 1524 2420 aere
1577 2345 1804 2418 alieno
1857 2343 2244 2418 demersam
2295 2369 2452 2416 esse
2469 2397 2491 2441 ‚
2558 2371 2687 2418 nec
2758 2345 2910 2418 sisti
2961 2370 3190 2446 posse,
3242 2343 3315 2416 ni
3366 2343 3689 2418 omnibus
3744 2345 4059 2435 consula-

775 2483 928 2562 tur3
981 2467 1148 2567 quin
1201 2466 1260 2538 si
1313 2463 1448 2536 alia
1495 2465 1590 2536 sit
1639 2463 1932 2538 aliorum
1983 2461 2328 2556 condicio,
2373 2464 2659 2537 accendi
2690 2465 2916 2564 magis
2970 2461 3387 2536 discordiam
3440 2487 3649 2562 quam
3700 2462 3929 2536 sedari
3966 2465 4054 2563 ⁴).

773 2587 928 2660 Eos
979 2584 1280 2661 maxima
1319 2583 1501 2684 apud
1552 2583 1824 2684 plebem
1875 2583 2102 2683 gratia
2129 2580 2454 2654 floruisse
2506 2598 2782 2655 constat
2794 2609 2819 2676 3
2872 2583 3083 2654 etiam
3112 2583 3415 2684 reliquos
3465 2581 3738 2682 plebem
3790 2607 3931 2654 non
3982 2582 4057 2656 in

775 2730 860 2778 eo
913 2719 1126 2796 certe,
1179 2727 1317 2803 quo
1387 2717 1662 2776 ceteros
1709 2717 2066 2774 senatores
2119 2698 2280 2772 odio
2331 2699 2659 2772 babuisse
2707 2697 3069 2802 probabile
3119 2715 3251 2773 est.
3335 2701 3613 2776 Nomen
3664 2702 3757 2774 A.
3810 2701 4061 2775 Postu-

775 2821 936 2914 mii,
987 2822 1106 2923 qui
1159 2820 1464 2894 dictator
1512 2817 2032 2892 celeberrimam
2061 2817 2148 2890 de
2200 2818 2472 2890 Latinis
2524 2819 2891 2892 victoriam
2944 2819 3351 2923 reportavit,
3400 2820 3500 2892 ita
3548 2819 3745 2921 vulg-i
3796 2847 4058 2896 sermo-

777 2939 980 3014 nibus
1029 2939 1142 3014 vel
1190 2955 1471 3040 postero
1523 2955 1836 3038 tempore
1881 2936 2384 3030 celebrabatur,
2439 2954 2521 3012 ut
2570 2939 3023 3013 miraculosae
3056 2939 3143 3013 de
3195 2965 3434 3042 pugna
3483 2939 3600 3012 illa
3624 2942 4057 3015 narrationes

775 3059 934 3136 inde
967 3075 1198 3134 ortum
1227 3059 1584 3132 traxerint.
1637 3057 1840 3132 Unde
1869 3055 2190 3131 concludi
2221 3073 2477 3158 potest,
2521 3083 2681 3132 eum
2690 3059 2993 3153 minime
3025 3060 3281 3134 acriter
3306 3085 3436 3162 pro
3467 3057 3779 3162 patribus
3812 3076 4061 3134 contra

777 3177 1046 3281 plebem
1077 3205 1448 3281 pugnasse.
1501 3180 1602 3252 Et
1650 3177 2034 3278 Dionysius
2085 3177 2133 3252 l.
2186 3178 2321 3254 Vl.
2375 3205 2441 3253 c.
2494 3181 2599 3254 22
2632 3178 2819 3278 quod
2870 3178 3101 3252 oriens
3156 3178 3338 3252 inter
3387 3195 3621 3282 patres
3663 3195 3735 3253 et
3783 3179 4057 3281 plebem

779 3313 1132 3372 certamen
1169 3296 1462 3389 videret,
1513 3311 1882 3394 antequam
1913 3323 2090 3396 opus
2119 3312 2329 3390 esset,
2363 3296 2707 3370 dictatura
2738 3323 2899 3370 eum
2935 3323 3013 3371 se
3044 3297 3405 3371 abdicasse
3436 3295 3701 3370 scribit.
3766 3297 3860 3370 A.
3894 3298 4059 3372 Vir-

778 3417 1009 3516 ginius
1059 3441 1141 3488 eo
1183 3415 1334 3516 ipso
1379 3439 1588 3507 anno,
1641 3439 1782 3514 quo
1835 3411 2082 3487 seditio
2129 3429 2286 3488 orta
2336 3430 2467 3509 est,
2520 3442 2682 3490 cum
2727 3417 2815 3493 Τ.
2849 3417 3157 3492 Vetusio
3202 3416 3448 3491 consul
3500 3433 3674 3510 erat,
3727 3441 3903 3518 quos
3954 3419 4060 3492 in-

777 3534 1178 3633 dignatione
1229 3548 1300 3604 et
1351 3532 1682 3606 conviciis
1733 3547 2093 3632 correptos
2143 3559 2186 3606 a
2215 3533 2537 3635 patribus¹
2560 3535 2857 3636 leg-imus
2891 3535 2980 3638 ⁵),
3030 3537 3216 3638 quod
3246 3535 3697 3610 tumultuanti
3746 3535 3933 3637 plebi
3981 3539 4053 3612 vi

779 3651 1056 3728 obviam
1107 3651 1211 3724 ire
1262 3649 1546 3745 nollent,-
1599 3649 1843 3725 deinde
1897 3667 2054 3724 orto
2085 3652 2270 3726 inter
2307 3654 2629 3752 juniores
2679 3669 2957 3755 patrum
3008 3671 3081 3728 et
3112 3655 3385 3756 plebem
3420 3653 3796 3729 certamine
3848 3657 4057 3730 inter-

779 3797 992 3845 cursu
1043 3796 1172 3844 suo
1225 3772 1447 3844 rixam
1499 3769 1798 3846 sedasse.
1851 3772 1934 3848 P.
1963 3773 2366 3846 Postumius
2415 3774 2769 3847 Tubertus
2820 3774 2930 3847 bis
2982 3775 3227 3848 consul
3270 3798 3485 3875 quum
3539 3788 3833 3874 utroque
3866 3799 4055 3850 anno

781 3886 1170 3990 respublica
1199 3889 1488 3962 summis
1517 3889 1842 3989 periculis
1874 3900 2270 3987 urgeretur,
2302 3892 2472 3964 viris
2508 3893 2627 3992 qui
2658 3893 2959 3966 maximo
2988 3891 3173 3992 apud
3202 3891 3533 3995 populum
3562 3891 3801 3968 favore
3834 3911 4059 3988 erant,

781 4007 1052 4108 collega
1100 4005 1378 4080 additur
1401 4008 1506 4082 M.
1558 4007 1848 4080 Valerio
1889 4005 1950 4104 θ)
2001 4022 2074 4080 et
2121 4009 2448 4082 Menenio
2498 4011 2857 4110 Agrippae
2895 4007 2979 4110 ⁷).
3033 4011 3121 4084 T.
3174 4011 3521 4086 Aebutius
3572 4011 3753 4086 Elva
3804 4015 4057 4112 magis·

783 4143 892 4202 ter
941 4127 1249 4227 equitum
1301 4127 1680 4202 assumitur
1728 4153 1772 4200 a
1821 4124 2160 4202 dictatore
2209 4127 2304 4202 A.
2355 4128 2715 4202 Postumio
2752 4127 2841 4226 8).

919 4413 970 4478 l)
1005 4413 1184 4466 Livius
1217 4413 1282 4468 11.
1317 4413 1402 4468 ³2.
1439 4415 1709 4468 oriundum
1744 4431 1810 4468 ex
1845 4417 1995 4484 plebe
2029 4419 2175 4472 dicit.

918 4497 978 4564 2)
1011 4497 1226 4567 Dionys.
1260 4499 1350 4555 vl.
1385 4499 1472 4555 23.
1507 4501 1722 4552 Maraeu
1761 4493 2052 4572 Οὐαλερίου
2085 4501 2186 4552 τοῦ·
2215 4499 2645 4570 δημοτικωτάτου
2679 4521 2814 4574 ηψς
2848 4507 2983 4560 idem
3017 4505 3103 4561 vl.
3139 4504 3393 4564 xxxlx.
3441 4499 3747 4578 δικτάτορα
3780 4499 4057 4562 dulce-tm

791 4576 1006 4638 Heium
1033 4575 1320 4653 Οὖαλέριον
1351 4581 1772 4653 dquam-'euru
1803 4586 2060 4640 δοκοῦντα
2093 4585 2309 4640 ἔσεσθαι
2341 4604 2472 4656 sqq..
2510 4597 2569 4642 ct
2602 4591 2837 4657 pluribus
2872 4589 2991 4644 allia
3026 4592 3174 4646 locis.

918 4669 976 4736 3)
1009 4669 1128 4724 Liv.
1161 4669 1222 4722 ll.
1257 4669 1345 4725 23.
1415 4669 1628 4740 Dionys.
1669 4671 1755 4726 Vl.
1786 4671 1872 4726 2³.
1997 4713 2008 4724 .
2078 4675 2136 4738 4)
2173 4673 2290 4728 biv.
2323 4673 2388 4728 ll.
2423 4674 2513 4728 2⁹.
2578 4674 2789 4744 Dionys.
2824 4674 2911 4729 vl.
2944 4673 3033 4728 37.
3166 4685 3177 4698 ·
3237 4678 3295 4744 5)
3326 4675 3441 4732 Liv.
3478 4675 3537 4731 ll.
3571 4677 3658 4731 28.

919 4753 976 4819 6)
1013 4753 1227 4824 Dionys.
1263 4753 1326 4808 V.
1363 4753 1449 4809 37.
1656 4755 1714 4820 7)
1747 4755 1822 4809 ld.
1858 4755 1920 4809 V.
1953 4758 2040 4811 ⁴4.
2243 4755 2302 4824 8)
2337 4756 2412 4813 ld.
2447 4753 2534 4812 Vl.
2567 4759 2621 4814 2.

3202 4863 3237 4917 2
