4967 5934
2588 589 2638 664 8

971 823 1244 896 Latinis
1295 824 1682 924 interreges
1737 823 1950 897 finisse
2001 823 2186 898 idem
2237 825 2606 926 improbet.
2712 826 3112 900 Verisimile
3181 830 3367 902 enim
3430 855 3624 924 esse,
3693 829 3933 906 decem
3994 834 4255 935 primos

971 968 1110 1013 non
1165 943 1388 1015 solum
1441 943 1625 1044 apud
1683 943 1814 1016 bos
1867 943 1990 1017 sed
2057 945 2265 1016 etiam
2317 945 2499 1046 apud
2552 945 2852 1019 Sabinos
2920 962 2992 1018 et
3039 946 3351 1020 Luceres
3420 949 3671 1044 fuisso,
3738 967 3809 1023 et
3871 953 4257 1054 interregni

970 1059 1212 1133 orbem
1265 1061 1474 1134 ivisse
1525 1089 1654 1163 per
1703 1087 1980 1155 omnm,
2033 1077 2104 1134 et
2151 1063 2564 1136 Latinorum
2621 1093 2773 1138 eam
2824 1067 3382 1167 praerogativam
3436 1068 3690 1162 fuisse,
3752 1086 3833 1144 ut
3884 1071 4255 1172 prodendis

967 1178 1433 1276 interregibus
1487 1179 1574 1251 ab
1627 1181 1712 1252 iis
1765 1180 2036 1252 initium
2089 1180 2310 1256 fieret.
2405 1182 2631 1256 Nobis
2686 1211 2861 1284 quae
2914 1185 2998 1257 de
3052 1185 3293 1258 decem
3344 1185 3586 1286 primis
3639 1189 4033 1263 existimant
4084 1191 4259 1266 falsa

967 1325 1122 1370 esse
1175 1325 1582 1400 persuasum
1635 1316 1764 1374 est.
1870 1300 2254 1373 Videamus
2307 1302 2393 1374 de
2447 1303 2735 1399 singulis
2788 1319 2859 1374 et
2908 1304 3207 1404 primum
3262 1303 3541 1402 quidem
3584 1305 3673 1378 de
3724 1305 3935 1400 locis,
4002 1309 4257 1408 quibus

965 1416 1206 1490 decem
1256 1415 1352 1488 illi
1407 1421 1938 1491 commemorari
1991 1433 2346 1520 putantur.
2455 1422 2782 1515 Quorum
2832 1421 3041 1521 longe
3092 1423 3547 1521 gravissimus
3598 1423 3781 1524 apud
3832 1427 4255 1526 Dionysium

963 1536 1220 1636 legitur
1269 1536 1356 1611 L.
1409 1539 1543 1611 Vl.
1599 1566 1662 1611 c.
1718 1542 1818 1612 69
1871 1565 2067 1638 sqq.,
2131 1537 2250 1610 ubi
2305 1538 2543 1612 decem
2596 1555 2995 1613 senatorum
3048 1541 3434 1641 principes,
3500 1552 3565 1613 οι*
3606 1553 4087 1630 ἐπιφανέστατοι
4137 1553 4257 1620 νῦν

961 1665 1409 1750 πρεσβυτέρων,
1453 1655 1542 1728 ad
1589 1656 1886 1758 plebem,
1939 1683 2116 1756 quae
2167 1658 2239 1729 in
2293 1675 2600 1731 montem
2654 1686 2931 1732 sacrum
2976 1674 3384 1752 secesserat,
3436 1660 3629 1732 missi
3681 1661 4046 1759 dicuntur,
4100 1691 4253 1738 ora·

961 1774 1184 1848 tiones
1239 1791 1310 1847 et
1361 1774 1448 1847 ab
1500 1775 1608 1846 his
1661 1792 1733 1848 et
1781 1803 1824 1847 a
1852 1776 2072 1876 plebis
2125 1775 2420 1849 ducibus
2475 1775 2749 1850 habitae
2782 1779 2949 1850 satis
3000 1776 3295 1850 verbose
3325 1777 3761 1876 referuntur,
3816 1784 3935 1881 qui
3984 1799 4251 1884 postre-

963 1912 1120 1967 mus
1192 1921 1436 1967 eorum
1506 1894 1722 1968 verba
1788 1894 1956 1967 facit
2018 1895 2338 1996 Agrippa
2401 1897 2773 1968 Menenius
2842 1925 2906 1970 c.
2962 1901 3059 1970 84
3128 1913 3291 1998 post
3354 1897 3572 1970 multa
3634 1899 3767 1970 alia
3826 1899 3935 1971 bis
3988 1901 4246 1976 utiturz

960 2019 1096 2086 Τοῦ
1133 2021 1198 2084 δὲ
1245 2027 1451 2100 μένειν
1491 2023 1728 2102 βέβαια
1768 2017 1850 2084 τοὶ
1865 2019 2362 2144 ᾘσυγχωροὺιιενα
2419 2021 2523 2084 νῦν
2563 2023 2669 2086 κα.)
2704 2023 2888 2106 μηδὲν
2944 2013 3197 2107 ὕστερον
3237 2028 3501 2087 ἐναντίον
3543 2021 3745 2096 endroit
3786 2021 3902 2090 dard
3958 2025 4069 2110 τῆς
4106 2029 4252 2108 βου·

959 2121 1072 2208 λῆς
1127 2121 1710 2205 ἐξενεχθήσεσθαι,
1764 2123 2000 2207 πρῶτον
2049 2125 2165 2202 μὲν
2205 2119 2377 2206 ἡμεῖς
2419 2127 2480 2188 οι·
2514 2127 2805 2209 πρέσβεις
2847 2121 3159 2206 ἀνάδοχοι,
3201 2122 3459 2196 διδόντες
3500 2121 3639 2206 υμῖν
3680 2121 3937 2206 σώματα
3980 2129 4087 2192 καὶ
4126 2129 4251 2212 ψυ-

957 2221 1086 2306 χοὶς
1127 2225 1234 2287 καὶ
1271 2223 1485 2301 ‘rende
1525 2219 1638 2296 τοὶς
1677 2225 1904 2287 ἐαυτων
1947 2221 2244 2310 ἐνέχυρά·
2300 2223 2519 2289 ἔπειτα
2562 2229 2625 2289 oe
2669 2217 2851 2292 ἄλλοι
2914 2227 3247 2308 βουλευταὶ
3300 2217 3427 2292 ’ὅσοι
3486 2248 3570 2310 τῳ
3624 2227 3997 2312 ψηφίσματι
4042 2251 4249 2308 συνεγ·

959 2328 1400 2413 γραφήσονται.
1470 2324 1566 2392 Οὐ
1609 2350 1726 2411 γαρ
1769 2325 1977 2412 δήποτ’
2011 2321 2280 2392 εἰκόντων
2321 2323 2487 2410 ἡμῶν
2528 2325 2931 2412 γραφήσεταί
2970 2351 3029 2392 τι
3085 2323 3252 2391 aare?
3293 2328 3403 2392 τοῦ
3446 2325 3653 2412 δήμου.
3729 2328 3835 2395 Oc
3866 2353 3996 2416 γαρ
4040 2329 4247 2416 iveti·

955 2449 1166 2508 μενοι
1222 2429 1354 2494 τοῦ
1409 2430 1790 2514 συνεδρίου
1850 2427 1976 2491 καὶ
2026 2449 2302 2512 τρωτοι
2363 2425 2498 2500 ταὶς
2542 2427 2780 2494 αὑτῶν
2834 2425 3136 2509 γνώμας
3178 2427 3801 2512 ἀποφαινόμενοι
3858 2454 3979 2495 των
4036 2424 4248 2499 αλλων

956 2535 1126 2626 ἡμεῖς
1168 2544 1370 2621 ἐσμεν.
1456 2535 1590 2606 His
1640 2531 1875 2605 verbis
1927 2531 2166 2604 decem
2193 2533 2458 2668 primos
2512 2531 2889 2630 significari
2936 2558 3261 2632 magnam
3314 2533 3629 2607 veritatis
3664 2535 3965 2636 speciem
4015 2536 4249 2612 babet.

959 2654 1236 2756 Quippe
1288 2679 1612 2754 praeesse
1665 2651 1932 2723 senatui
1986 2667 2056 2722 et
2107 2651 2312 2751 primi
2365 2651 2779 2723 sententiam
2832 2652 3067 2751 rogari
3120 2651 3643 2752 praedicantur,
3712 2669 3792 2726 ut
3844 2657 4071 2728 omnis
4127 2656 4249 2730 du·

955 2773 1198 2845 bitatio
1253 2787 1524 2844 exemta
1573 2770 1795 2843 videri
1846 2770 2093 2871 possit,
2147 2771 2310 2869 quin
2361 2768 2825 2844 Niebuhrium
2872 2768 2973 2872 (p.
3026 2773 3178 2846 339
3233 2786 3378 2843 not.
3432 2773 3584 2846 784
3640 2783 3830 2872 et‘p.
3887 2775 4037 2848 676
4092 2789 4243 2847 not.

960 2892 1194 2992 1345)
1245 2907 1436 2965 recte
1491 2891 1816 2964 statuisse
1869 2889 2202 2962 dicamuS.
2283 2889 2385 2960 At
2435 2887 2567 2960 hoc
2624 2889 2774 2990 ipso
2824 2889 2982 2962 loeo
3036 2887 3121 2962 de
3174 2886 3415 2962 decem
3467 2890 3709 2992 primis
3762 2916 3904 2963 non
3950 2891 4248 2990 cogitari

955 3037 1187 3114 posse,
1240 3012 1449 3083 certis
1503 3009 1933 3110 argumentis
2002 3007 2460 3082 demonstrari
2512 3023 2767 3110 potest.
2874 3008 3151 3109 Quippe
3203 3009 3585 3108 Dionysius
3657 3009 3940 3083 nomina
3987 3010 4249 3112 legato-

959 3156 1115 3202 rum
1167 3129 1423 3221 resert,
1492 3154 1668 3228 quae
1736 3127 1929 3199 illum
1999 3154 2140 3198 non
2195 3126 2280 3200 de
2347 3153 2478 3200 suo
2534 3125 2658 3199 sed
2724 3153 2811 3198 ex
2863 3127 3146 3227 antiquo
3218 3125 3407 3198 sonte
3474 3125 3790 3199 hausisse
3850 3127 4087 3230 plures
4154 3127 4247 3202 ob

957 3274 1245 3322 caussas
1286 3246 1642 3349 probabile
1676 3261 1804 3320 est.
1874 3248 2070 3319 Idem
2110 3247 2382 3345 judicat
2409 3245 2863 3340 Niebubrius‚
2914 3247 3215 3318 maxime
3266 3243 3641 3317 verisimile
3670 3244 3909 3319 diceus
3940 3247 4250 3346 genuina

956 3393 1200 3442 eorum
1253 3367 1370 3468 qui
1424 3365 1511 3438 ad
1563 3364 1833 3467 plebem
1885 3366 2081 3438 missi
2117 3367 2257 3440 sint
2307 3369 2587 3439 nomina
2636 3364 2800 3464 legi.
2882 3364 3189 3439 Nomina
3239 3364 3409 3437 baec
3463 3381 3665 3437 sunt:
3728 3367 4049 3467 Agrippa
4096 3367 4249 3440 Me·

957 3487 1201 3560 nenius
1257 3482 1415 3583 Caji
1469 3485 1518 3556 f.
1578 3485 1910 3578 Lanatus,
1963 3487 2042 3557 P.
2101 3483 2437 3558 Servilius
2489 3483 2716 3556 Publii
2772 3484 2850 3577 R,
2900 3484 2982 3555 P.
3037 3482 3437 3556 Postumius
3479 3482 3723 3577 Quinti
3778 3483 3829 3556 f.
3862 3485 4245 3582 Tubertus,

955 3606 1044 3682 T.
1079 3604 1426 3677 Aebutius
1479 3602 1623 3674 Titi
1679 3601 1726 3674 f.
1763 3604 2048 3700 Flavus,
2104 3605 2391 3678 Servius
2445 3603 2797 3704 Sulpicius
2839 3602 3066 3675 Publii
3120 3600 3167 3676 f.
3206 3602 3647 3695 Camerinus,
3698 3607 3792 3674 A.
3838 3603 4243 3678 Postumius

955 3723 1184 3797 Publii
1239 3723 1286 3796 f.
1319 3721 1572 3818 Albus,
1625 3723 1718 3794 A.
1753 3723 2118 3818 Virginius
2169 3722 2334 3795 Auli
2388 3722 2436 3793 f.
2467 3723 2872 3813 Montanus,
2923 3719 3046 3792 Μ’.
3102 3719 3431 3793 Valerius
3461 3720 3690 3793 Marci
3744 3719 3795 3794 Γ.
3828 3735 3901 3792 et
3949 3721 4038 3797 T.
4070 3721 4245 3795 Lar-

957 3844 1108 3916 cius
1153 3841 1436 3915 Flavus.
1519 3842 1812 3914 Lacuna
1863 3842 1995 3913 tria
2044 3841 2324 3914 nomina
2371 3840 2741 3943 absorpsit,
2795 3864 3094 3939 quorum
3144 3837 3281 3912 duo
3310 3839 3433 3915 Μ’.
3466 3837 3796 3911 Valerius
3844 3853 3915 3912 et
3946 3840 4036 3913 T.
4068 3839 4243 3914 Lar-

957 3964 1104 4036 cius
1158 3989 1244 4035 ex
1295 3961 1446 4062 ipso
1475 3961 1843 4060 Dionysio,
1895 3961 2013 4059 qui
2066 3960 2144 4060 in·
2191 3961 2634 4060 sequentibus
2688 3958 3034 4031 orationes
3079 3983 3322 4030 eorum
3374 3955 3463 4030 ad
3510 3955 3782 4060 plebem
3815 3955 4083 4031 habitas
4134 3987 4241 4034 re-

959 4082 1117 4174 fert,
1171 4080 1616 4182 supplentur3
1685 4077 1773 4151 'de
1827 4077 2096 4152 decimo
2149 4105 2290 4150 non
2341 4094 2615 4152 constat
2656 4075 2737 4182 ¹).
2827 4077 3103 4149 Horum
3156 4103 3407 4150 novem
3458 4102 3666 4149 nemo
3717 4091 3861 4172 est,
3928 4077 4047 4180 qui
4100 4076 4239 4152 ullo

1102 4350 1156 4417 1)
1190 4350 1360 4415 vulgo
1399 4349 1490 4417 Sp.
1527 4347 1774 4400 Nautium
1819 4350 2083 4418 supplent,
2127 4351 2264 4418 quod
2301 4350 2484 4404 falsum
2522 4365 2641 4402 esse
2673 4347 2925 4403 Niebuhr.
2960 4365 3011 4418 p.
3048 4347 3149 4401 676
3186 4347 3521 4402 demonstrat.
3591 4349 3649 4402 si
3686 4347 4039 4402 hariolaadnn
4076 4348 4147 4400 sit
4182 4347 4235 4402 iu

959 4453 1046 4500 re,
1089 4435 1152 4488 de
1187 4451 1289 4503 qua
1325 4437 1454 4488 certi
1493 4435 1620 4488 nihil
1657 4435 1902 4487 constitui
1939 4443 2132 4502 potest,
2169 4435 2226 4488 P.
2261 4435 2549 4500 virginium
2584 4435 2748 4488 ruisse
2783 4435 3077 4500 conjiciam,
3124 4449 3273 4500 quen
3308 4447 3465 4488 anun
3500 4449 3531 4486 ο
3566 4433 3799 4504 patribus
3834 4439 4046 4504 praeter
4079 4433 4237 4486 noni-

959 4529 1110 4573 natos
1145 4535 1176 4572 a
1211 4519 1460 4589 Dionysio
1496 4520 1632 4587 apud
1667 4521 1866 4588 plebem
1895 4521 2074 4584 gratia
2109 4521 2345 4574 floruisse
2381 4523 2593 4582 seimus,
2628 4535 2683 4576 v.
2720 4519 2937 4590 Dionys.
2972 4517 3061 4574 vl.
3096 4517 3183 4574 3⁷.
3254 4517 3467 4584 lassatis
3502 4535 3657 4572 unum
3704 4520 3875 4572 virum
3922 4533 4021 4572 non
4056 4533 4238 4574 eonsu-

961 4607 1126 4661 lnrem
1162 4606 1464 4658 interfuisse
1497 4605 1711 4674 Dionys.
1747 4605 1966 4666 sex-ihm
2003 4619 2184 4657 novem
2222 4621 2436 4672 quorum
2471 4589 2673 4658 nonin·
2706 4606 2971 4672 leguntur,
3008 4619 3185 4657 omues
3218 4604 3519 4658 consulares
3552 4611 3723 4670 erant,
3754 4601 3809 4658 P.
3836 4601 4101 4670 virginius
4134 4619 4233 4659 non

959 4697 1096 4752 erat,
1131 4691 1226 4743 sed
1261 4689 1396 4742 idem
1431 4691 1482 4742 in
1518 4697 1705 4743 senatu
1739 4706 1804 4743 ea
1837 4691 2002 4746 verba
2033 4705 2127 4758 pro
2161 4689 2312 4758 plebe
2347 4689 2566 4753 fecerat,
2603 4691 2753 4757 eujus
2786 4689 3057 4744 eonsilium
3090 4689 3313 4743 medium
3344 4689 3563 4744 maxine
3592 4696 3649 4744 et
3680 4687 3999 4744 moderatu-
4030 4687 4233 4742 videre-

962 4783 1066 4837 tur,
1105 4791 1160 4829 v.
1191 4774 1410 4846 Dionys.
1445 4775 1484 4830 1.
1515 4775 1558 4830 1.
1625 4775 1738 4830 Liv.
1774 4773 1836 4830 11.
1872 4775 1960 4832 2⁹.
2031 4775 2102 4830 Et
2137 4791 2318 4830 nornen
2351 4777 2468 4844 ejus
2504 4783 2719 4846 propter
2750 4777 2818 4833 Α.
2853 4774 3079 4842 virginii
3115 4789 3296 4830 nonen
3330 4775 3537 4830 facilins
3570 4773 3813 4830 exuam
3844 4779 4067 4843 pom-nt.
