4967 5934
2502 545 2599 620 12

907 797 1150 854 casum
1199 778 1560 854 miraberis
1577 828 1604 873 ,
1669 793 1810 880 quo
1865 778 2128 853 factum
2178 780 2308 872 sit,
2377 792 2458 851 ut
2508 773 2751 850 eodem
2802 792 3115 880 tempore
3165 777 3409 854 decem
3458 782 3663 881 primi
3716 807 3962 858 omnes
4008 781 4193 860 filios

904 897 1244 972 baberent
1293 897 1382 972 ad
1433 897 1832 972 discendam
1881 897 2394 998 haruspicinam
2458 911 2745 996 propter
2810 913 3107 970 aetatem
3175 914 3247 972 et
3310 896 3523 972 animi
3586 899 3887 976 indolem
3952 919 4195 1004 aptos3

903 1019 968 1090 si
1019 1015 1212 1112 illud,
1265 1019 1822 1119 praerogativam
1873 1031 2064 1090 certe
2115 1013 2354 1089 decem
2405 1013 2789 1114 primorum
2841 1014 3205 1090 miraberis
3221 1064 3246 1109 ,
3298 1041 3437 1117 qua
3484 1015 3607 1090 filii
3656 1045 3901 1094 eorum
3952 1045 4195 1094 omnes

905 1135 1426 1238 haruspicinam
1477 1137 1846 1212 discerent.
1951 1135 2200 1233 Neque
2251 1134 2436 1207 enim
2488 1157 2574 1204 eo
2625 1131 2889 1206 bonore
2940 1132 3125 1234 apud
3174 1137 3533 1208 Romanos
3598 1135 4001 1241 haruspices
4054 1139 4199 1214 fue-
4244 1150 4253 1159 '

907 1269 1097 1347 runt,
1155 1279 1360 1354 quem
1414 1254 1832 1357 appetivisse
1883 1277 2306 1356 magnopere
2357 1251 2707 1352 principes
2760 1253 3117 1324 Romanos
3168 1251 3497 1326 credibile
3552 1256 3665 1326 sit.

1111 1371 1350 1467 Locis,
1403 1373 1654 1476 quibus
1707 1371 1946 1446 decem
1994 1371 2258 1472 primos
2312 1372 2843 1471 commemorari
2886 1369 3226 1447 Niebuhr.
3264 1371 3635 1467 existimat,
3688 1373 3857 1448 nibil
3893 1373 4195 1450 tribuen-

907 1487 1083 1563 dum²
1123 1489 1468 1588 vidimus3
1539 1507 1854 1594 superest
1915 1505 1996 1564 ιιι
2062 1513 2513 1589 quaeramus,
2581 1515 2751 1560 num
2802 1489 3144 1562 sententia
3191 1489 3309 1561 illa
3358 1516 3487 1592 per
3536 1518 3611 1565 se
3661 1492 3760 1566 ita
3810 1494 3905 1566 sit
3952 1495 4197 1597 proba-

811 1685 822 1704 ,
906 1607 1102 1702 bilis,
1151 1625 1236 1682 ut
1283 1609 1448 1684 licet
1495 1609 1704 1686 nullis
1755 1610 2176 1710 scriptorum
2227 1607 2398 1679 locis
2451 1605 2863 1680 confirmata
2911 1622 3143 1680 tamen
3187 1606 3463 1681 defendi
3516 1625 3591 1682 et
3638 1608 3879 1686 decem
3931 1615 4195 1715 primos

907 1727 980 1799 in
1047 1744 1294 1802 senatu
1364 1728 1576 1802 fuisse
1643 1727 1732 1802 ad
1793 1730 2225 1827 intel-regum
2289 1726 2643 1798 decuriam
2710 1725 3185 1828 explicandam
3248 1726 3439 1800 credi
3496 1730 3749 1830 possit.
3865 1733 4195 1808 Jamvero

907 1845 1138 1925 nullus
1205 1864 1356 1922 erat
1417 1849 1870 1948 magistratus
1885 1897 1910 1939 ,
1977 1845 2244 1918 nullum
2311 1844 2775 1918 sacerdotium
2792 1893 2818 1938 ,
2886 1845 3053 1945 quin
3119 1844 3499 1946 aequaliter
3546 1848 3731 1922 inter
3777 1851 4071 1926 Latinos
4122 1869 4197 1926 et

909 1963 1240 2038 oriundos
1291 1993 1334 2038 a
1383 1965 1664 2042 Sabinis
1728 1965 2192 2061 divideretur,
2255 1991 2461 2064 reges
2526 1991 2613 2036 ex
2676 1979 2967 2064 utraque
3030 1980 3241 2064 gente
3290 1964 3765 2061 alternabant,
3828 1970 4195 2070 pontifices

908 2110 1210 2197 augures
1259 2085 1556 2158 vestales
1611 2085 1876 2160 fetiales
1927 2101 2001 2160 et
2049 2111 2226 2186 quae
2277 2083 2412 2156 alia
2461 2098 2627 2155 sunt
2678 2082 2971 2181 collegia
3019 2083 3173 2182 pari
3212 2109 3503 2156 numero
3536 2111 3629 2158 ex
3676 2085 3948 2160 Latinis
3994 2105 4197 2162 erant

842 2237 871 2263 ο
910 2218 984 2277 et
1031 2200 1314 2276 Sabinis
1363 2202 1441 2307 ¹).
1547 2206 1870 2278 Unumne
1935 2205 2416 2302 interreg-num
2469 2201 2635 2274 solis
2687 2201 2959 2274 Latinis
3008 2201 3423 2301 permissum
3476 2202 3738 2276 fuisse?
3834 2206 3954 2280 An
4008 2206 4191 2282 forte

909 2323 972 2396 is
1023 2323 1474 2421 magistratus
1525 2325 1625 2397 ita
1673 2323 1931 2398 nullius
1981 2322 2318 2396 momenti
2373 2335 2523 2393 erat
2580 2345 2805 2422 neque
2864 2318 2937 2391 in
2986 2319 3127 2393 ullo
3180 2317 3575 2395 discrimine
3624 2323 4057 2423 ponebatur,
4108 2345 4195 2402 ut

909 2441 1208 2515 Sabinos
1259 2443 1524 2518 honore
1575 2445 1696 2545 qui
1749 2443 1894 2516 sere
1947 2440 2204 2515 nullius
2255 2440 2458 2541 pretii
2514 2454 2741 2532 esset,
2814 2437 3014 2512 facile
3082 2440 3375 2514 cessisse
3424 2441 3800 2515 verisimile
3850 2443 3991 2517 sit?
4088 2447 4199 2519 At

906 2576 1069 2662 post
1117 2586 1415 2660 reg-num
1479 2561 1650 2634 nibil
1710 2562 2114 2659 interregno
2165 2557 2501 2657 grandius
2568 2574 2641 2630 et
2704 2557 2993 2656 majoris
3060 2559 3437 2652 momenti,
3504 2585 3648 2632 non
3716 2559 3941 2636 solum
4004 2565 4197 2665 qnod

907 2706 1036 2782 pro
1089 2706 1260 2779 rege
1311 2695 1520 2773 esset,
1575 2679 1693 2780 qui
1745 2679 2160 2778 fungeretur
2209 2704 2294 2750 eo
2345 2677 2653 2770 bonore,
2720 2675 2847 2748 sed
2912 2675 3103 2778 quod
3152 2677 3317 2750 novi
3366 2678 3558 2778 reg-is
3612 2681 3873 2753 creatio
3926 2682 3991 2754 ei
4042 2709 4201 2757 eve-

907 2799 1111 2872 niret.
1219 2799 1422 2893 Quae
1473 2797 1749 2901 quidem
1801 2797 1976 2870 tanti
2027 2809 2187 2885 erat
2227 2821 2314 2870 ex
2361 2811 2681 2869 veterum
2732 2795 3083 2896 opinione,
3132 2810 3213 2867 ut
3263 2811 3611 2872 certantes
3662 2799 3964 2873 Romulo
4012 2827 4193 2874 mor-

909 2933 1034 2991 tuo
1084 2917 1319 2990 Latini
1369 2933 1444 2990 et
1491 2915 1736 2991 Sabini
1786 2943 1876 2990 eo
1927 2930 2134 3018 pacto
2185 2915 2260 2986 in
2309 2913 2687 2986 amicitiam
2737 2911 3027 2987 rediisse
3078 2929 3480 3010 narrentur,
3532 2932 3613 2988 ut
3663 2917 3841 2991 alter
3888 2917 4061 2994 ordo
4106 2945 4193 2992 ex

909 3034 1128 3108 altero
1179 3061 1422 3136 regem
1472 3051 1744 3109 crearet
1753 3063 1779 3132 ς
1847 3034 2084 3108 Latini
2135 3031 2386 3134 quibus
2439 3033 2631 3134 optio
2683 3029 2969 3104 daretur
3016 3058 3061 3103 a
3107 3030 3431 3125 Sabinis,
3494 3035 3645 3108 sive
3712 3061 3955 3134 regem
4006 3038 4197 3112 Lati·

913 3179 1082 3226 num
1135 3181 1178 3226 a
1227 3151 1506 3228 Sabinis
1557 3154 1785 3228 creari
1835 3154 1984 3228 sive
2033 3153 2168 3254 ipsi
2219 3150 2559 3227 Sabinum
2610 3177 2851 3224 creare
2900 3149 3183 3244 vellent,
3250 3175 3473 3250 regno
3528 3153 3953 3227 creationem
4002 3157 4195 3254 reg-is

895 3270 1318 3374 ‘praetulisse
1339 3269 1426 3372 2).

1113 3391 1273 3464 Hae
1325 3417 1612 3466 caussae
1661 3409 1852 3488 sunt,
1903 3393 1996 3468 ob
2047 3419 2220 3494 quas
2269 3391 2637 3468 Niebubrii
2688 3393 3100 3467 sententiam
3150 3416 3376 3493 neque
3423 3405 3741 3466 vetamm
3789 3393 3963 3468 locis
4032 3419 4196 3468 con·

913 3509 1175 3584 firmari
1239 3535 1466 3610 neque
1526 3537 1654 3611 per
1717 3539 1794 3586 se
1842 3511 2272 3614 probabilem
2337 3537 2493 3586 esse
2554 3511 3050 3586 existimemus.
3150 3511 3487 3586 Nostram
3552 3513 3967 3586 sententiam
4036 3539 4199 3616 pro-

911 3629 1206 3731 posituri
1255 3628 1439 3702 idem
1490 3629 1678 3732 qnod
1725 3630 2066 3708 Niebuhr.
2117 3633 2316 3732 quasi
2367 3630 2919 3725 fundamentum,
2968 3655 3110 3730 quo
3160 3629 3436 3704 insistat
3464 3632 3802 3730 quaestio,
3832 3631 4193 3726 babemus,

913 3749 1102 3850 quod
1151 3746 1392 3822 decem
1445 3749 1658 3824 fuisse
1709 3767 1986 3853 patrum
2039 3750 2356 3824 decurias
2417 3765 2491 3822 et
2554 3749 2795 3824 decem
2860 3747 3187 3850 deinceps
3252 3747 3637 3848 interreges
3652 3797 3679 3841 ‚
3742 3764 4029 3851 propter
4078 3751 4199 3824 Li-

910 3867 1009 3942 vii
1060 3883 1134 3942 et
1180 3865 1536 3941 Plutarchi
1587 3871 2070 3944 auctoritatem
2135 3894 2264 3970 pro
2315 3883 2511 3942 certo
2576 3867 2921 3969 ponimus.
3026 3864 3423 3940 Difficultas
3470 3881 3745 3961 autem,
3810 3893 4021 3968 quam
4070 3895 4197 3944 nu-

913 4013 1150 4062 merus
1201 4001 1606 4062 senatorum
1655 3986 1888 4076 babet,
1941 3988 2168 4060 omnis
2221 3986 2404 4062 facili
2451 3985 2665 4060 modo
2718 3984 3119 4088 expeditur,
3186 3987 3247 4059 ai
3314 3987 3791 4085 interreg-num
3843 4002 3917 4059 et
3965 3988 4193 4089 ipsum

917 4107 1104 4180 inter
1150 4105 1442 4180 Latinos
1515 4122 1588 4178 et
1635 4103 1938 4182 Sabinos
1989 4107 2368 4182 alternasse
2417 4105 2637 4180 sumis
2652 4154 2679 4200 ,
2744 4122 2862 4196 ut,
2932 4131 3349 4207 quamquam
3400 4119 3683 4179 senatus
3728 4105 4193 4180 ducentorum

918 4242 1092 4324 erat,
1144 4225 1234 4298 ad
1284 4223 1566 4326 singula
1627 4225 2028 4326 interregna
2091 4242 2322 4299 tamen
2389 4239 2669 4299 centum
2738 4238 3010 4298 tantum
3075 4241 3307 4326 patres
3373 4225 3853 4327 pertinuerint.
3958 4225 4191 4320 Quam

919 4345 1142 4420 facilis
1204 4346 1390 4418 enim
1458 4359 1567 4418 est
1632 4371 1832 4418 error
1879 4343 2064 4418 Livii
2075 4393 2110 4437 „
2189 4345 2306 4448 qui
2373 4367 2589 4444 quum
2654 4357 2935 4418 centnm
2998 4359 3275 4448 patres,
3340 4371 3554 4448 penes
3614 4371 3791 4446 quos
3854 4345 4193 4446 interreg·

799 4474 807 4482 '
919 4493 1090 4542 num
1143 4463 1409 4559 fuisset,
1461 4463 1996 4539 commemorari
2059 4461 2326 4536 videret
2339 4511 2366 4556 ‚
2429 4461 2617 4536 bunc
2683 4463 3087 4538 universum
3150 4479 3469 4537 senatum
3534 4489 3687 4538 esse
3746 4461 4193 4566 opinaretur?

1057 4735 1115 4803 ι)
1147 4734 1212 4790 v.
1246 4735 1496 4791 Niebuhr.
1529 4734 1568 4792 1.
1604 4749 1658 4805 p.
1693 4733 1796 4790 ιιι
1830 4751 1942 4804 sqq.
2147 4735 2210 4802 ι)
2244 4733 2308 4790 v.
2341 4733 2605 4790 mmuh.
2638 4732 2786 4789 Nun.
2822 4749 2869 4790 ο.
2902 4732 2990 4790 ιιι.
3026 4732 3239 4805 nm..
3272 4733 3339 4789 ιι.
3372 4733 3458 4790 ιι.
