4967 5934
3205 8 3226 18 -
3255 6 3342 16 ...ιι
3373 0 3430 16 h
3487 4 3630 18 ——
3723 0 4313 26 -ῇ-*ἿἺιυ--ὸ

2373 633 2423 706 ’7

747 877 956 951 etiam
1019 900 1274 950 novem
1339 871 1642 974 reliquos
1711 871 2140 974 imperitasse
2208 868 2417 941 dicat.
2524 869 2967 970 Quamquam
3017 866 3469 942 Plutarchum
3536 897 3677 944 non
3743 871 4038 945 eundem

749 1021 911 1069 cum
960 994 1168 1067 Livio
1221 993 1482 1066 fontem
1537 1006 1853 1065 secutum
1908 1018 2096 1083 esse,
2147 1004 2435 1090 apparet
2485 1015 2525 1060 e
2580 989 2895 1082 diverso,
2948 1015 3155 1088 quem
3206 1005 3499 1089 uterque
3552 989 3868 1083 tradunt,
3936 1017 4040 1062 se—

747 1130 1072 1188 natorum
1125 1137 1457 1204 numero,
1527 1137 1666 1212 qua
1717 1111 1786 1183 in
1841 1137 1917 1182 re
1973 1110 2110 1181 utri
2162 1107 2334 1180 fides
2387 1107 2705 1180 habenda
2754 1109 2881 1201 sit,
2942 1106 3229 1180 dubium
3283 1133 3421 1180 non
3476 1123 3604 1182 est.
3712 1107 3855 1180 Sed
3904 1109 4037 1182 boc

743 1233 893 1332 jam
947 1247 1256 1334 apparet,
1311 1255 1724 1332 quamquam
1783 1229 1952 1302 falsa
2022 1229 2111 1300 sit
2162 1226 2515 1300 Plutarchi
2570 1229 2949 1320 sententia,
3016 1225 3411 1298 confirmari
3465 1226 3552 1297 ab
3606 1252 3690 1299 eo
3743 1253 3786 1298 a
3832 1227 4039 1300 Livio

749 1351 1042 1445 tradita,
1109 1351 1168 1423 si
1237 1375 1606 1422 numerum
1673 1363 2073 1420 senatorum
2128 1346 2517 1446 exceperiS,
2585 1347 2857 1440 omnia3
2926 1371 3089 1417 nam
3156 1371 3574 1445 quamquam
3626 1345 4039 1419 Plutarchus

747 1469 1066 1544 decurias
1119 1469 1393 1543 silentio
1443 1466 1955 1569 praetermittit,
2019 1481 2248 1537 tamen
2299 1464 2535 1537 verbis
2589 1465 2741 1562 ejus
2794 1464 3007 1537 fuisse
3059 1463 3482 1566 probantur,
3550 1463 3737 1565 quod
3786 1465 4037 1541 mirum

744 1587 915 1662 illud
967 1615 1305 1688 regnum,
1375 1614 1514 1686 quo
1567 1586 1714 1658 dies
1767 1584 2251 1676 dimidiantur,
2317 1609 2404 1656 ex
2469 1583 2618 1656 sola
2678 1583 3117 1656 decuriarum
3184 1584 3647 1686 descriptione
3712 1585 4041 1685 explicari

745 1723 996 1809 potest.
1052 1709 1150 1779 Et
1200 1705 1554 1778 Plutarchi
1603 1705 1986 1776 auctoritas
2041 1729 2124 1776 eo
2157 1703 2373 1804 pluris
2422 1701 2759 1794 facienda,
2802 1702 2996 1808 ,quod
3028 1730 3067 1775 e
3100 1701 3393 1776 diversis
3428 1703 3734 1777 fontibus
3778 1721 4042 1778 utrum-

745 1851 882 1926 que
933 1826 1211 1899 hauisse
1267 1851 1350 1897 ex
1401 1825 1553 1924 ipsa
1605 1823 2068 1924 discrepantia
2118 1838 2330 1923 patet.
2419 1821 2624 1894 lllum
2676 1837 2935 1914 autem,
2988 1849 3163 1922 quae
3216 1823 3518 1924 scripsit,
3572 1822 3658 1895 de
3712 1851 3841 1896 suo
3894 1826 4041 1923 qui·

745 1944 906 2017 dem
957 1971 1098 2016 non
1128 1942 1470 2035 hausisse,
1523 1942 1648 2014 sed
1697 1968 1877 2042 quae
1908 1941 2091 2042 apud
2124 1955 2482 2013 auctorem
2536 1941 2745 2012 alium
2796 1941 3164 2033 invenerit,
3218 1969 3463 2042 parum
3498 1943 3805 2042 cogitate
3858 1959 4041 2017 retu·

745 2061 946 2156 iisse,
1017 2061 1108 2134 ob
1176 2062 1354 2134 banc
1410 2087 1730 2134 caussam
1779 2059 2152 2134 verisimile
2211 2074 2358 2151 est,
2425 2059 2616 2159 quod
2665 2060 2845 2132 idem
2900 2061 2971 2131 in
3023 2061 3169 2132 vita
3219 2061 3501 2133 Romuli
3547 2059 3603 2163 ¹)
3656 2090 3795 2135 non
3850 2089 4037 2156 eum,

745 2207 951 2281 quem
1007 2181 1076 2253 b.
1110 2180 1187 2272 l.,
1241 2178 1364 2252 sed
1395 2179 1853 2252 ducentorum
1906 2191 2304 2251 senatorum
2359 2205 2725 2250 numerum
2777 2178 3081 2250 tradidit.
3138 2178 3705 2253 Consentaneum
3758 2197 3867 2254 est
3916 2183 4041 2280 igi·

745 2315 900 2392 tur,
969 2325 1191 2398 neque
1245 2325 1286 2370 a
1335 2297 1610 2396 vulgari
1661 2323 1888 2398 neque
1941 2324 2067 2370 sua
2119 2297 2334 2398 ipsius
2387 2298 2710 2398 opinione
2762 2323 3245 2389 recessurum,
3309 2298 3441 2370 nisi
3496 2315 3765 2372 certum
3830 2328 4039 2401 quen-

744 2415 906 2489 dam
957 2433 1314 2490 auctorem
1381 2434 1735 2511 secutum,
1801 2443 2024 2516 neque
2086 2415 2295 2513 hujus
2359 2415 2861 2516 discrepantiae
2930 2416 3240 2489 futurum
3308 2417 3508 2518 plane
3561 2420 4037 2495 immemorem

745 2534 984 2630 fuisse,
1037 2537 1171 2610 nisi
1223 2534 1450 2606 obiter
1501 2551 1572 2608 et
1620 2561 1867 2636 parum
1919 2535 2354 2609 considerate
2407 2535 2824 2636 scripsisset.

949 2653 1063 2727 Ex
1115 2655 1199 2725 iis
1253 2678 1427 2752 quae
1481 2653 1983 2754 disputavimus
2038 2680 2280 2727 eorum
2345 2673 2522 2752 quae
2572 2654 2817 2725 Livius
2884 2653 2969 2725 de
3020 2655 3425 2754 interregno
3478 2657 3690 2729 tradit
3740 2661 4035 2731 auctori-

745 2789 958 2847 tatem
1011 2799 1352 2847 summam
1408 2799 1561 2845 esse
1615 2773 2045 2870 intelligitur.
2102 2771 2246 2866 Qui
2300 2797 2515 2871 quum
2547 2770 2862 2843 creandis
2916 2772 3383 2872 interregibus
3419 2774 3661 2848 decem
3715 2776 4033 2851 decurias
4112 2869 4123 2884 ι

743 2907 816 2964 et
869 2891 1108 2965 decem
1161 2892 1509 2992 principes
1563 2889 1681 2990 qui
1737 2889 2060 2990 deinceps
2113 2890 2563 2990 regnaverint
2614 2889 2825 2962 fuisse
2857 2890 3131 2963 disertis
3182 2893 3416 2966 verbis
3470 2909 3789 2985 testetur,
3843 2923 4037 2972 sena·

741 3025 892 3082 tum
945 3026 1180 3082 autem
1231 3035 1315 3081 eo
1365 3024 1675 3110 tempore
1729 3035 1868 3081 non
1923 3024 2203 3082 centum
2255 3025 2533 3112 patrum
2588 3007 2709 3081 sed
2735 3009 3193 3082 ducentorum
3248 3011 3460 3084 fuisse
3515 3015 3681 3086 satis
3736 3032 4035 3111 constet,

741 3128 1138 3228 quaeritur,
1192 3127 1543 3227 quomodo
1597 3127 1809 3221 haec,
1879 3155 2054 3228 quae
2107 3155 2424 3230 pugnare
2475 3129 2879 3222 videantur,
2941 3128 3293 3201 conciliari
3348 3147 3625 3230 queant.
3732 3136 3844 3205 De
3897 3160 4035 3235 qua

739 3271 816 3320 re
865 3246 1271 3348 priusquam
1325 3262 1636 3318 nostram
1687 3249 2100 3320 sententiam
2151 3273 2657 3348 proponamus,
2708 3249 2923 3321 satius
2976 3249 3109 3322 erit
3158 3249 3499 3322 rationem
3552 3277 3595 3322 a
3642 3251 4033 3328 Niebuhrio

738 3362 981 3435 initam
1035 3363 1476 3461 cognovisse.
1547 3362 1690 3457 Qui
1741 3389 1890 3434 rem
1945 3365 2372 3465 expedivisse
2426 3365 3059 3467 dubitationemque
3091 3369 3427 3441 exemisse
3482 3369 3612 3442 sibi
3652 3373 3846 3445 visus
3900 3390 4032 3467 est,

739 3478 1021 3555 Sabinis
1077 3480 1380 3555 exclusis
1431 3481 1911 3584 interregnum
1963 3485 2051 3557 ad
2103 3485 2290 3557 solos
2343 3487 2650 3558 Ramnes
2692 3487 3111 3588 pertinuisse
3164 3514 3292 3587 pro
3346 3505 3539 3561 certo
3592 3505 3903 3564 statuens
3938 3489 4026 3594 2).

739 3599 1305 3674 Consentaneum
1348 3603 1532 3674 enim
1586 3629 1740 3676 esse
1793 3603 1920 3675 hos
1952 3604 2289 3703 dignitate
2341 3605 2803 3678 antecessisse
2835 3605 3145 3678 oriundis
3199 3632 3242 3677 a
3271 3606 3585 3704 Sabinis3
3639 3611 3741 3682 uti
3795 3625 4027 3684 autem

737 3717 852 3790 vel
903 3735 1188 3820 postero
1241 3733 1556 3822 tempore
1607 3722 1678 3792 in
1735 3721 2058 3796 omnibus
2113 3723 2400 3796 coloniis
2469 3741 2542 3798 et
2592 3725 2981 3825 municipiis
3033 3725 3304 3797 Latinis
3357 3725 3599 3798 decem
3666 3729 3871 3828 primi
3924 3758 4029 3803 se·

739 3839 932 3910 natui
981 3837 1432 3940 praefuerint,
1483 3839 1582 3911 ita
1632 3841 1840 3914 etiam
1891 3843 2210 3914 Romano
2263 3845 2533 3917 senatui
2585 3845 2991 3946 praefuisse,
3044 3844 3449 3944 priusquam
3502 3844 3743 3918 Sabini
3794 3874 4027 3922 acces-

739 3954 996 4052 serint3
1053 3956 1302 4060 quibus
1355 3957 1700 4056 adjunctis
1753 3959 1906 4032 illos
1959 3961 2199 4035 decem
2235 3977 2466 4035 tamen
2518 3965 2979 4066 principatum
3013 3962 3355 4062 quendam
3392 3964 3734 4060 tenuisse3
3788 3966 3861 4039 id
3910 3993 4025 4070 ap-

737 4099 980 4176 parere
1049 4101 1134 4147 ex
1184 4075 1356 4148 locis
1425 4078 1843 4180 scriptorum
1895 4077 2252 4180 pluribus,
2322 4080 2573 4182 quibus
2639 4083 2909 4155 senatui
2959 4084 3279 4159 Romano
3349 4109 3597 4184 regum
3671 4101 3741 4157 et
3793 4086 4020 4185 primo

737 4191 996 4266 liberae
1046 4194 1464 4295 reipublicae
1527 4212 1838 4300 tempore
1890 4199 2272 4300 praefuisse
2320 4199 2434 4273 vel
2485 4201 2939 4273 innuerentur
2988 4201 3099 4275 vel
3152 4202 3427 4274 disertis
3494 4202 3727 4276 verbis
3798 4204 4021 4277 trade·

740 4327 1006 4387 rentur.
1060 4313 1250 4411 Quid
1301 4314 1518 4413 igitur
1565 4317 1986 4390 versimilius
2039 4345 2193 4391 esse
2239 4345 2445 4420 quam
2500 4319 2587 4391 ad
2638 4319 2765 4392 hos
2818 4320 3003 4392 solos
3051 4321 3530 4422 interregnum
3561 4317 4021 4424 pertinuisse?

736 4431 934 4504 Haec
987 4446 1096 4506 est
1141 4431 1507 4506 Niebuhrii
1559 4436 1924 4530 sententia,
1976 4436 2063 4509 de
2116 4463 2254 4537 qua
2283 4436 2749 4538 Goettlingius
2803 4439 2876 4510 in
2930 4439 3105 4513 libro
3160 4438 3243 4512 de
3295 4443 3466 4514 Ant.
3498 4443 3704 4517 Rom.
3760 4468 3827 4544 p.
3868 4447 4017 4518 152

737 4565 810 4624 et
859 4577 929 4654 p.
990 4555 1136 4625 164
1191 4550 1262 4624 id
1302 4552 1650 4651 judicium
1704 4554 1882 4649 fert,
1953 4571 2033 4628 ut
2081 4555 2322 4628 decem
2373 4559 2637 4660 primos
2696 4559 2769 4630 in
2822 4575 3069 4631 senatu
3140 4559 3351 4632 fuisse
3402 4558 3688 4661 probet,
3759 4588 3796 4633 e
3850 4561 4015 4634 solis

875 4733 930 4800 1)
967 4751 1014 4789 ο.
1051 4733 1175 4787 XX.
1249 4734 1740 4808 Διπλασοασθεὸοης
1772 4739 1834 4792 δὲ
1865 4741 1966 4810 τῆς
1999 4735 2197 4800 πόλεως
2229 4738 2416 4796 {andr
2443 4745 2543 4805 aab
2568 4743 2627 4796 la
2660 4743 2903 4810 Mem
2934 4747 3203 4814 πατρίκιοι
3232 4743 3773 4815 προςηατελὶχθησαν.

871 4819 930 4886 2)
965 4820 1030 4874 V.
1064 4819 1104 4875 1.
1142 4837 1192 4890 p.
1227 4821 1352 4884 378,
1388 4824 1454 4878 cf.
1489 4839 1540 4892 p.
1575 4823 1680 4879 338
1715 4834 1770 4879 ct
1803 4827 1923 4884 ⁶⁷6.
